1728 2976
832 97 881 131 40

169 233 244 269 que
274 220 393 258 etiam
422 220 576 270 puellae
603 220 818 270 participes
846 219 1015 271 erant,¹)
1050 219 1091 257 id
1119 218 1278 269 agebat,
1313 219 1542 258 ut-iuvenes

168 288 416 338 virginesque
445 288 601 327 chorico
630 288 764 326 cantui
786 302 833 327 ac
859 288 1060 327 saltationi
1079 287 1162 338 apti
1181 291 1221 326 et
1239 287 1369 327 idonei
1388 289 1542 335 essent3

170 360 209 395 et
237 369 314 406 quo
342 356 596 406 perfectionis
628 356 668 394 in
704 356 833 395 choris
866 356 1027 406 agendis
1060 356 1327 406 pervenerint,
1360 354 1544 395 laudibus

169 428 344 466 veterum
379 425 615 475 scriptorum
651 425 748 464 satis
784 425 1016 464 ostenditur.
1028 425 1059 476 2)
1095 425 1197 463 Huic
1224 425 1323 463 mori
1349 424 1544 463 Lacedae-

168 494 389 537 moniorum
418 493 583 531 Alcman
609 493 818 543 indulgens
847 480 1022 532 carmina
1049 493 1239 541 condidit,
1266 506 1343 531 non
1362 495 1407 530 ut
1425 505 1449 548 a
1467 492 1544 530 sin-

172 561 292 612 gulis,
322 561 390 600 sed
418 565 462 600 ut
490 574 514 600 a
542 561 661 601 choro
690 565 934 601 canerentur.
972 562 1055 601 Iam
1091 574 1210 612 supra
1244 561 1280 600 ei
1314 573 1428 600 usum
1461 560 1545 599 lon-

168 642 306 679 garum
334 629 603 679 stropharum,
632 630 769 679 quales
804 630 973 668 choricis
1007 633 1161 668 tantum
1193 629 1442 679 poematibus
1475 628 1544 668 ad-

168 697 421 747 hibebantur,
450 698 791 751 vindicavimus.³)
832 699 939 746 Quae
969 699 1122 738 cantica
1158 698 1192 737 si
1225 698 1352 737 forma
1386 698 1544 737 demon-

169 769 321 806 stratur
353 780 377 805 a
411 767 540 806 choris
575 771 665 806 acta
700 780 802 816 esse,
839 768 879 806 in
916 768 1057 806 ceteris
1092 766 1340 817 fragmentis,
1375 779 1543 817 quorum

170 836 356 886 strophae
383 835 582 875 breviores
611 840 651 875 et
678 837 848 875 Aeolicis
877 837 1023 876 similes
1052 839 1160 884 sunt,
1196 836 1276 875 alia
1304 839 1459 875 exstant
1485 836 1543 874 in-

168 904 290 952 dicia,
328 917 429 954 quae
464 904 569 943 idem
595 904 803 943 manifesto
832 906 1026 944 evincunt.
1064 905 1120 943 Ut
1146 904 1334 943 nonnulla
1360 904 1540 952 afferam,

167 972 353 1022 hymnum
380 973 422 1010 in
441 972 572 1012 Iov-em
592 973 785 1023 Lycaeum
796 974 828 1024 4)
848 986 872 1012 a
891 973 1008 1012 choro
1028 973 1221 1023 virginum
1240 973 1541 1023 pronunciatum

169 1053 271 1089 esse,
300 1040 375 1090 frg.
409 1044 440 1089 l,
463 1044 485 1079 3
515 1045 746 1090 argumento
776 1045 858 1080 est:

486 1108 650 1159 νεοχμὸν
677 1104 771 1162 ἄρχε
799 1107 1057 1162 παρσένοις
1084 1105 1222 1147 ἇείδεν.

272 1177 380 1216 Idem
409 1177 456 1216 de
483 1177 628 1228 hymno
655 1178 697 1216 in
725 1178 937 1217 Dioscuros
949 1178 979 1230 5)
1009 1178 1216 1216 dicendum
1245 1180 1320 1225 est,
1354 1190 1474 1227 quum
1503 1181 1542 1216 et

167 1246 365 1303 sententia
394 1246 591 1285 choricam
619 1246 813 1285 actionem
841 1247 1036 1296 requirat,
1074 1249 1114 1284 et
1142 1245 1334 1293 scholion,
1369 1245 1474 1295 quod
1501 1245 1542 1284 in

166 1314 243 1354 fine
273 1315 477 1353 columnae
504 1316 648 1354 tertiae
676 1315 882 1366 legiturfi)
911 1314 1061 1367 χορ(ος)
1091 1326 1157 1353 ote
1189 1328 1260 1363 μεν
1294 1328 1335 1352 εκ
1367 1317 1409 1353 ΐᾶ
1440 1327 1542 1367 παρ-

166 1386 345 1431 θενων...,
383 1383 513 1433 planis
547 1382 675 1421 verbis
708 1382 813 1421 idem
850 1382 1063 1421 confirmet.
1100 1382 1268 1421 Definite
1302 1382 1442 1421 chorus
1474 1394 1542 1420 no-

167 1451 340 1490 minatur
368 1450 440 1500 frg.
471 1453 543 1489 45:

417 1519 536 1557 Μῶσ’
565 1514 636 1569 ἄγε
665 1515 892 1567 Καλλιόπα,
921 1516 1098 1572 θυγάτηρ
1125 1516 1245 1567 Διός,

418 1584 505 1640 ἄρχ’
535 1586 682 1640 ἐρατῶν
709 1586 851 1635 ἐπέων,
881 1586 948 1626 ἐπὶ
977 1587 1011 1625 δ’
1031 1587 1166 1639 ι’μερον

418 1651 526 1706 ὕμνῳ
551 1655 617 1694 καὶ
644 1654 826 1708 χαριέντα
852 1654 958 1695 τιθει
986 1669 1068 1708 χορ
1078 1669 1136 1694 ον

169 1725 265 1764 item
294 1723 365 1775 frg.
397 1726 468 1763 86:

410 1789 525 1832 ’Ἀδοι
551 1792 652 1839 Διὸς
681 1789 790 1844 δόμῳ

419 1861 439 1900 ὁ
467 1861 585 1915 χορὸς
612 1860 709 1911 ἐμὸς
734 1862 800 1901 καὶ
826 1861 906 1910 τοί,
940 1858 1076 1911 Ράναξ.

272 1931 303 1969 F
306 1944 363 1981 rg.
394 1934 467 1969 98:
496 1929 618 1969 καλλά
643 1930 921 1980 μελισδομὲναι
947 1944 995 1969 ex
1018 1930 1144 1969 forma
1162 1930 1361 1981 participii
1381 1930 1542 1969 chorum

166 2000 361 2049 virginum
399 1999 589 2038 coniicere
627 1999 731 2038 licet.
769 1998 935 2038 Carmen
970 1998 1088 2047 illud,
1126 1999 1236 2038 cuius
1269 2002 1542 2049 argumentum

271 2191 298 2227 ¹)
323 2189 381 2222 cfr.
403 2189 595 2228 Mueller,
617 2189 722 2220 Dorer
743 2189 784 2221 ΙΙ.
808 2199 837 2230 p.
861 2189 922 2221 322
966 2189 1124 2228 Mauso,
1148 2188 1264 2230 Sparta
1286 2189 1310 2220 Ι.
1332 2188 1362 2221 2.
1382 2199 1414 2230 p.
1440 2188 1508 2220 164.

269 2255 298 2293 ⁴²)
322 2252 380 2284 cfr.
404 2252 512 2284 Pind.
537 2252 598 2293 frg.
621 2253 682 2285 inc.
708 2252 768 2284 110
791 2253 967 2291 (Boeckh
984 2264 1005 2294 p
1033 2254 1127 2293 663„
1150 2263 1181 2294 p.
1204 2252 1253 2284 39.
1276 2255 1342 2284 not.
1365 2253 1393 2283 6.
1421 2252 1540 2284 Athen.

163 2307 252 2340 XIV.
273 2317 306 2348 p.
328 2306 390 2338 628
413 2311 445 2338 et
468 2305 528 2338 (333
541 2306 582 2338 A.

271 2370 297 2408 ³)
322 2369 380 2401 cfr.
405 2377 504 2409 supra
525 2378 557 2409 p.
580 2368 630 2400 28.

269 2432 296 2471 ⁴)
322 2431 383 2473 frg.
409 2431 520 2464 1-11.
544 2449 582 2454 —-
604 2430 645 2464 de
667 2433 770 2463 metro
793 2430 851 2464 cfr.
874 2440 974 2472 supra
995 2440 1026 2471 p.
1051 2430 1101 2463 24.

272 2496 296 2534 ⁵)
320 2495 372 2536 frg
407 2494 540 2527 12—17.

270 2558 297 2597 ὁ)
320 2557 451 2599 Bergk
473 2568 504 2599 p.
529 2558 602 2590 829.
