1728 2976
845 132 891 166 22

411 273 482 324 frg·
513 277 561 312 43
606 299 1191 327 --υυ-υυ-υ-

411 390 484 439 frg.
516 392 560 427 61
611 420 669 428 -
694 419 746 427 ....
766 407 1242 435 υυ-ψψ-υ-ψ
1285 415 1296 426 .

288 457 365 512 S⁸ed
399 477 564 523 possunt
601 474 719 512 etiam
760 472 976 523 logaoedici
1017 472 1201 524 dactylici
1244 487 1332 514 cum
1373 477 1555 515 anacrusi

182 541 279 579 sat-is
298 545 404 579 recte
426 541 573 580 haberi.
588 543 617 592 ¹)

290 612 472 647 Creticum
491 626 677 648 numerum
697 610 847 660 primus
867 610 1063 659 Thaletas,
1086 624 1200 661 quem
1220 612 1385 651 Alcman
1401 616 1555 652 secutus

182 681 259 722 est,
289 678 329 715 in
356 678 673 728 hyporchematis
703 679 917 728 usurpavit.
932 679 961 729 2)
1003 679 1245 729 Frequenter
1275 680 1349 718 hoc
1375 680 1556 731 rhythmo

182 745 409 785 Alcmanem
435 759 548 785 usum
570 760 671 795 esse,
700 750 738 785 et
768 747 1016 796 grammatici
1035 750 1231 786 testantur
1243 748 1273 799 3)
1303 751 1343 787 et
1371 761 1470 798 quae
1497 762 1557 789 re-

181 815 289 863 liqua
329 817 421 852 sunt
463 814 693 864 fragmenta.
742 819 975 853 chametri
1011 815 1087 854 duo
1123 819 1338 853 catalectici
1373 817 1557 866 leguntur

183 881 256 932 frg.
296 884 363 930 38,
403 887 611 920 tetrametri
646 887 888 922 acatalectict'
921 883 993 933 frg.
1030 886 1076 921 21
1114 887 1153 922 et
1187 886 1248 922 22.
1287 888 1557 933 Cltoryambici

181 954 348 1000 rltytlnni
375 951 595 1002 exemplum
624 953 722 991 satis
745 957 894 991 certum
916 952 1046 991 afferri
1066 953 1218 1002 nequit,
1244 953 1336 1003 quia
1355 953 1556 1004 dispositio

181 1020 344 1058 metrica
363 1020 458 1070 frgti
482 1024 529 1059 59
550 1034 627 1060 non
651 1025 814 1061 constat.
844 1022 979 1072 Neque
994 1021 1121 1060 minus
1140 1021 1301 1061 dubium
1322 1025 1380 1061 est
1399 1022 1471 1073 frg.
1489 1026 1555 1061 57:

619 1138 1138 1175 -υυ--υυ-υ;

182 1215 287 1265 quod
324 1229 442 1265 quum
478 1215 619 1266 quibus
661 1215 862 1255 ordinibus
896 1215 1141 1268 adiunctum*
1164 1215 1283 1255 fuerit
1320 1217 1557 1265 nesciamus,

181 1298 344 1334 prorsus
375 1288 479 1323 certe
508 1284 812 1323 choriambicum
839 1284 916 1322 dici
949 1297 1027 1323 non
1050 1287 1198 1334 potest,
1231 1284 1328 1323 nihil
1362 1284 1464 1323 enim
1493 1284 1559 1323 ob-

183 1357 264 1392 stat
304 1354 559 1403 descriptioni
602 1353 831 1403 dactylicae.
878 1354 1080 1400 Attamen*
1104 1366 1182 1391 non
1225 1357 1302 1401 est,
1347 1366 1416 1391 cur
1456 1353 1559 1391 hunc

183 1435 404 1470 numerum,
434 1434 511 1471 quo
540 1422 797 1461 Archilochus
824 1422 904 1460 iam
931 1434 1025 1460 usus
1054 1422 1166 1472 sit‚4)
1201 1421 1251 1460 ab
1280 1421 1466 1460 Alcmane
1493 1421 1560 1460 ab·

183 1492 416 1540 iudicemus,
455 1505 574 1541 quum
609 1495 802 1539 rhythmus
836 1494 1004 1536 Ionicus,
1041 1489 1264 1529 choriambo
1299 1490 1557 1540 propinquus,

184 1560 219 1598 ei
246 1560 405 1609 ignotus
431 1573 510 1599 non
538 1558 667 1597 fuerit.
705 1559 831 1597 Huius
861 1558 962 1597 enim
991 1558 1162 1608 rhythmi
1190 1569 1403 1595 tetrameter
1431 1561 1505 1596 ion.
1537 1572 1560 1596 a

184 1629 298 1676 min.‚
329 1642 446 1678 quem
476 1628 724 1667 Alcmanium
752 1627 1015 1678 appellant‚5)
1046 1627 1190 1676 legitur
1209 1627 1281 1676 frg.
1304 1630 1372 1675 85,
1394 1626 1560 1666 diaeresi

184 1697 225 1735 in
254 1696 352 1735 duos
382 1696 570 1735 dimetros
599 1696 756 1735 divisus.
786 1696 996 1734 Praeterea
1020 1695 1172 1733 invenio
1193 1698 1274 1733 tres
1302 1697 1479 1733 dimetros
1499 1711 1558 1733 ac-

186 1770 389 1813 atalectos,
408 1765 670 1816 praecedente
690 1764 851 1815 dipodia
874 1764 1060 1812 iambica,
1082 1777 1169 1803 cum
1190 1764 1357 1803 diaeresi
1374 1766 1465 1814 post
1481 1764 1560 1814 pri-

185 1847 291 1872 mum
312 1838 481 1872 metrum
501 1834 694 1871 ionicum:
734 1833 806 1882 frg.
837 1836 904 1879 833
935 1836 1002 1879 843
1033 1836 1094 1880 87,
1124 1835 1159 1871 2.
1196 1832 1310 1870 Hunc
1337 1844 1559 1879 numerum,

186 1896 301 1953 quem
330 1905 419 1942 ante
456 1915 561 1950 eum,
597 1905 788 1952 quantum
822 1901 981 1949 scimus,
1014 1901 1144 1939 nullus
1177 1900 1415 1940 Graecorum
1443 1903 1561 1951 poeta

185 1972 406 2021 usurpavit,
426 1971 509 2021 ipse
531 1970 698 2009 fortasse
715 1983 761 2008 ex
776 1974 861 2009 arte
877 1969 1080 2008 auloedica
1094 1969 1290 2019 Phrygum
1304 1969 1516 2019 repetitum
1528 1969 1558 2020 ⁶)

185 2041 225 2079 in
253 2040 389 2091 poesin
418 2039 609 2079 Graecam
636 2038 801 2078 induxit.

300 2181 318 2216 Ι)
343 2179 400 2209 cfr.
425 2177 611 2216 Boeokh,
636 2177 675 2208 de
698 2180 789 2209 metr.
815 2176 905 2208 Pind.
931 2187 961 2217 p*
988 2176 1055 2207 138.

293 2244 318 2283 ¹²)
342 2243 399 2274 cfr.
423 2243 508 2274 Plut.
533 2241 572 2272 de
595 2251 675 2273 mus.
699 2251 723 2272 c.
751 2243 788 2272 10
821 2251 852 2281 p.
875 2241 907 2276 8,
924 2240 965 2271 23

293 2307 319 2346 ³)
342 2305 463 2336 Tricha
484 2306 534 2335 41.
569 2305 625 2335 cfr.
648 2303 675 2334 L
687 2304 841 2342 eutsch,
865 2302 986 2334 Mctrik
1003 2312 1032 2342 p.
1051 2302 1119 2332 150.
1137 2320 1177 2323 —
1194 2300 1446 2342 Hephaestionis
1461 2300 1561 2332 verba

187 2359 226 2390 de
243 2358 398 2390 Alcmane
415 2357 496 2389 haec
515 2362 590 2388 sunt
608 2367 639 2397 p.
656 2357 714 2388 76:
747 2355 955 2402 δεδηλώσθω
976 2355 1011 2389 δὲ
1036 2354 1085 2388 ὅτι
1103 2353 1157 2389 καὶ
1179 2353 1242 2388 ὅλα
1265 2350 1401 2400 ᾄσματα
1420 2353 1561 2399 κρητικᾶ.

188 2406 385 2441 συντίθεται.

293 2476 318 2515 ⁴)
342 2474 399 2505 cfr.
424 2473 563 2504 Liebel
585 2484 616 2514 p.
634 2475 685 2505 30.

295 2539 318 2576 ⁵)
342 2538 390 2569 cfr
425 2537 531 2569 Serv.
554 2547 575 2577 p
611 2535 700 2568 1823.
746 2535 866 2567 Tricha
888 2535 936 2567 38.

291 2602 316 2643 ⁶³)
340 2602 396 2633 cfr.
421 2599 624 2632 Rossbach
648 2603 680 2630 et
704 2598 927 2639 Westphal,
950 2597 1070 2629 Metrik
1093 2597 1150 2629 ΙΙΙ.
1172 2607 1202 2637 p¹
1226 2599 1298 2628 301.
