1728 2976
847 108 868 143 5

176 241 267 276 tur:
287 236 317 287 1)
346 234 511 273 Delches
541 234 651 286 (sicl)
681 235 747 283 qui
774 246 935 283 parvam
963 232 1125 271 Iliadem
1153 231 1246 270 fecit
1274 235 1313 269 et
1332 231 1543 270 Alcmaeon

177 302 520 356 cognoscebantur.
553 302 655 341 Huic
683 315 837 352 quoque
863 301 949 341 loco
976 300 1066 340 inde
1098 299 1203 339 haud
1236 299 1411 350 paullum
1444 312 1540 350 pon-

179 374 284 412 deris
319 371 569 411 tribuendum
602 374 677 418 est,
714 370 819 419 quod
855 369 1027 408 eiusdem
1066 382 1153 406 cum
1181 368 1366 406 Alcmane
1400 369 1543 407 aetatis

175 440 343 480 Lesches
368 438 532 478 Lesbius
564 441 898 477 commemoratur.
962 437 1133 477 Leschae
1159 436 1259 475 enim
1288 438 1396 474 aetas
1425 449 1543 486 quum

177 512 339 559 propter
366 520 453 546 eum
481 520 594 556 quem
621 507 662 544 in
688 506 853 544 historia
881 506 1008 555 poesis
1046 506 1178 555 epicae
1212 506 1320 546 tenet
1347 508 1488 552 locum,
1510 508 1539 559 2)

176 580 264 615 tum
290 578 453 627 propter
481 578 588 627 certa
616 577 790 613 veterum
818 574 1051 624 scriptorum
1086 574 1310 614 testimonia
1341 575 1445 615 infra
1472 576 1543 614 ini-

176 645 276 682 tium
321 644 467 682 saeculi
509 643 662 692 septimi
710 643 893 681 collocari
935 642 1083 690 nequit.
1150 643 1319 682 Phanias
1367 644 1541 691 Eresius,

184 711 407 751 Aristotelis
436 710 663 761 discipulus,
698 710 808 749 cuius
834 708 976 748 librum
1005 708 1052 748 de
1079 710 1204 760 poetis
1232 711 1397 750 alterum
1426 711 1544 750 Athe-

178 792 298 817 naeus
325 779 524 829 laudat,³)
560 778 665 828 apud
701 778 937 816 Clementem
971 778 1276 816 Alexandrinum
1287 779 1319 830 4)
1355 780 1542 818 Leschem

180 847 423 898 Terpandro,
453 859 568 897 quem
601 843 728 897 ipsu'm
760 846 950 884 iuniorem
977 845 1209 885 Archilocho
1238 848 1395 895 statuit,
1431 860 1543 898 supe-

178 917 322 954 riorem
355 915 473 953 fuisse
506 915 692 963 affirmat,
726 914 828 952 unde
863 914 930 963 qui
962 927 1048 952 eum
1083 915 1285 963 aequalem
1321 916 1542 955 Archilochi

177 983 238 1022 vel
255 982 387 1033 paullo
407 982 629 1021 inferiorem
648 982 766 1020 fuisse
787 981 986 1020 contendit
1004 985 1122 1031 atque
1140 982 1289 1032 Olymp.
1310 983 1543 1022 xx—XXV

178 1051 337 1098 tribuit,
366 1064 443 1089 non
470 1051 637 1088 multum
664 1063 687 1088 a
714 1062 803 1088 vero
831 1049 1083 1089 aberraverit.
1113 1050 1225 1096 Quod
1249 1051 1353 1089 idem
1371 1052 1540 1090 Phanias

178 1119 379 1158 Arctinum
412 1118 607 1157 Milesium
641 1131 665 1156 a
699 1116 845 1156 Lesche
880 1118 1025 1156 musico
1065 1119 1275 1157 certamine
1313 1123 1540 1169 superatum

184 1201 267 1227 esse
295 1188 422 1236 addit,
452 1189 524 1226 etsi
552 1187 658 1225 nullo
687 1186 800 1225 modo
828 1186 987 1237 probari
1014 1188 1154 1237 possit,
1191 1191 1365 1226 attamen
1392 1188 1444 1227 ad
1470 1189 1543 1227 Le-

179 1256 294 1294 schae
322 1258 491 1293 aetatem
527 1258 716 1304 quantum
751 1255 911 1302 attinet,
939 1268 1011 1304 pro
1040 1256 1264 1293 testimonio
1293 1257 1541 1306 antiquitatis

182 1323 403 1362 habendum
432 1327 500 1362 est.
514 1323 544 1375 5)

283 1392 477 1430 Collatum
504 1391 564 1428 his
592 1404 689 1440 quos
717 1391 764 1429 de
792 1391 990 1443 Alcmanis
1025 1395 1155 1429 aetate
1192 1392 1309 1430 attuli
1342 1393 1439 1431 locis
1473 1393 1542 1431 ali-

177 1459 357 1508 quantuli
385 1459 501 1497 etiam
530 1459 716 1497 momenti
745 1461 820 1506 est,
849 1458 954 1508 quod
983 1459 1122 1498 Suidas
1133 1459 1162 1510 ⁶)
1189 1460 1371 1499 Arionem
1392 1460 1543 1511 Methy-

175 1540 355 1566 mnaeum
368 1527 562 1565 Alcmanis
578 1526 810 1576 discipulum
825 1527 1010 1576 appellat.
1041 1527 1114 1573 Qui
1133 1541 1251 1577 quum
1268 1528 1371 1567 circa
1391 1529 1541 1579 Olymp.

175 1595 378 1633 XXXVIII
398 1595 507 1647 (625)
534 1596 574 1633 in
599 1594 881 1633 constituendis
906 1595 1168 1645 ducendisque
1193 1596 1450 1646 dithyrambis
1470 1597 1541 1636 Co-

176 1663 606 1715 1·inthi·versaretur,⁷)
636 1676 727 1713 ergo
755 1667 838 1701 tum
866 1676 944 1702 non
971 1664 1049 1702 iam
1077 1664 1285 1703 admodum
1313 1664 1540 1704 adolescens

179 1744 261 1769 esse
288 1735 438 1781 posset,
472 1732 545 1769 hoc
573 1743 726 1781 quoque
756 1731 1015 1781 temporibus,
1052 1732 1190 1781 quibus
1218 1733 1444 1771 Alcmanem
1472 1733 1539 1771 ad-

180 1798 400 1848 scribimus,
430 1800 573 1849 optime
600 1799 797 1849 congruit,
827 1812 945 1849 quum
964 1800 1030 1849 qui
1050 1800 1214 1838 alteram
1233 1804 1434 1839 sectantur
1454 1814 1539 1840 sen-

177 1867 359 1916 tentiam,
382 1867 564 1907 Arionem
588 1868 706 1906 etiam
735 1868 973 1918 superiorem
992 1868 1177 1907 Alcmane
1198 1872 1369 1908 statuere
1392 1872 1432 1908 et
1455 1869 1539 1908 Sui-

173 1935 245 1974 dae
267 1936 368 1975 hanc
381 1937 647 1975 narrationem
668 1949 827 1986 prorsus
849 1936 1052 1986 neglegere
1074 1940 1112 1975 et
1133 1937 1311 1976 omittere
1334 1942 1536 1987 cogantur.

306 2086 324 2124 ¹)
347 2096 379 2126 p.
402 2085 452 2118 86.

299 2148 594 2188 2)Μι’111ε3ι·,1.1
626 2159 657 2190 p.
683 2149 749 2180 114.

300 2212 323 2253 ³)
346 2213 433 2245 VIII.
456 2224 487 2254 p.
510 2213 571 2245 352
594 2213 627 2244 C.

296 2277 321 2317 ⁴³)
345 2277 547 2309 Stromata
570 2277 584 2308 Ι
618 2281 643 2316 g.
671 2278 725 2308 131
751 2279 795 2318 (p.
820 2275 881 2307 398
903 2275 1017 2313 Pott.).

297 2342 324 2378 ⁵)
349 2340 441 2380 Quod
465 2340 702 2372 Welckcrus
726 2340 746 2372 l.
769 2340 790 2371 1.
806 2351 837 2381 p.
855 2342 872 2370 7
905 2339 1071 2370 Xanthum
1088 2339 1211 2379 Lydum
1230 2339 1425 2370 narrationis
1442 2340 1537 2371 huius

171 2395 334 2424 auctorem
355 2401 425 2424 esse
448 2396 480 2424 et
502 2391 683 2424 certaminis
704 2395 830 2432 tempus
853 2391 977 2433 Olymp.
994 2391 1104 2422 XVIII
1128 2391 1248 2422 addere
1271 2390 1445 2431 contendit,
1468 2392 1537 2432 ipse

171 2444 333 2477 refutavit.
357 2445 405 2477 cfr
436 2445 589 2477 Kleinere
612 2444 774 2477 Schriften
796 2444 819 2476 I.
843 2455 874 2485 p.
898 2444 959 2475 437
982 2447 1048 2476 not.
1070 2444 1099 2476 5.

297 2506 321 2547 ⁶)
343 2516 368 2538 S-
391 2517 417 2537 V·
439 2505 572 2553 Ἀρίων.

300 2576 321 2614 ⁷)
345 2575 400 2607 cfr.
425 2574 545 2615 Bode,
567 2574 587 2606 1.
609 2574 630 2607 1.
652 2585 681 2616 p.
704 2573 774 2606 372.
817 2573 964 2607 Herod.
989 2574 1012 2606 Ι.
1035 2574 1084 2606 23.
