1728 2976
836 110 882 145 41

178 245 225 271 ex
251 232 491 283 mythologie,
518 233 644 272 Ulixis
671 234 839 283 petitum
866 239 943 283 est,
959 235 987 287 ¹)
1008 248 1031 274 a
1050 236 1168 274 choro
1188 236 1381 286 virginum
1411 239 1545 275 canta-

176 303 261 340 tum
289 314 372 340 esse
389 332 397 349 ,
415 301 576 342 Schol.
605 302 719 343 Hom.
749 302 820 341 Od.
850 301 873 350 ζ
901 306 977 341 244
1002 300 1306 353 ᾶίοἰίῑεἈλκμὰν
1324 303 1545 357 παρθένους

176 365 361 419 λεγούσας
381 365 554 420 εἷςάγων.
578 370 780 409 Sententia
793 371 894 409 idem
910 371 1204 411 demonstratur
1217 373 1289 423 frg.
1307 375 1377 421 253
1398 376 1466 421 263
1482 376 1543 411 66.

283 438 393 484 Quod
423 439 455 477 si
483 442 653 487 constat,
686 443 732 477 ut
759 453 783 478 a
810 440 927 479 choro
955 440 1109 490 publice
1136 441 1423 491 proferrentur,
1456 442 1546 480 Alc-

136 537 139 539 .
176 507 303 545 manis
331 506 506 545 carmina
534 495 752 557 composita
780 520 883 557 esse,
911 512 1085 548 attamen
1113 509 1187 548 hoc
1215 522 1335 548 unum
1362 523 1440 549 non
1467 510 1546 548 suf-

175 574 259 613 ficit
286 575 337 613 ad
363 574 604 625 probandum
639 588 852 626 cognomen
888 577 1071 616 Laconici
1105 581 1265 628 poetae3
1301 591 1392 616 nam
1426 579 1544 617 etiam

176 642 281 692 apud
309 647 459 682 ceteras
487 644 666 682 nationes
694 648 877 694 poemata
906 645 1060 684 chorica
1086 645 1197 684 nobis
1217 645 1440 686 obveniunt.
1469 646 1545 685 Sed

177 725 222 751 eo
249 712 380 762 potius
416 712 457 751 in
491 726 564 751 usu
599 713 707 752 chori
741 714 906 752 Alcman
943 717 983 752 et
1015 718 1154 765 poetae
1188 715 1337 754 Aeolici
1369 715 1472 753 inter
1504 727 1545 753 se

176 780 379 829 differunt,
408 781 528 830 quod,
558 794 677 831 quum
696 768 754 820 illi
776 795 822 820 ea
841 782 1036 831 carmina,
1058 783 1198 833 quibus
1217 784 1389 833 ipsorum
1409 795 1544 821 sensus

177 853 216 887 et
243 848 406 887 affectus
435 850 714 899 exprimerent,
743 864 814 901 per
842 851 1013 900 singulos
1041 852 1250 900 referrent,
1280 852 1458 900 Alcman,
1495 851 1545 889 ad

175 917 573 955 Lacedaemoniorum
593 918 763 956 indolem
785 922 824 957 et
843 932 991 957 morem
1014 932 1054 957 se
1079 920 1395 967 accommodans,
1426 921 1544 958 etiam

176 984 268 1023 talis
297 986 517 1034 argumenti
546 987 782 1025 carminibus
811 987 971 1026 chorum
1008 987 1232 1026 adhibebat.
1272 988 1450 1034 Quodsi
1484 988 1545 1025 cui

175 1053 318 1091 mirum
347 1056 386 1091 et
413 1067 554 1092 novum
582 1055 707 1104 primo
738 1055 926 1105 adspectu
954 1055 1127 1103 videtur,
1163 1055 1269 1105 legat
1304 1056 1411 1104 illos,
1449 1069 1545 1106 quos

176 1134 294 1171 supra
322 1122 665 1172 communicavi,²)
695 1136 828 1161 versus
855 1123 988 1173 hymni
1014 1124 1056 1161 in
1082 1124 1313 1171 Dioscur0s3
1340 1137 1388 1162 ex
1407 1123 1546 1173 quibus

176 1201 315 1238 quum,
345 1202 422 1239 qua
456 1191 608 1229 ratione
642 1192 682 1229 in
720 1191 943 1229 huiusmodi
971 1191 1207 1230 carminibus
1236 1192 1400 1230 Alcman
1428 1191 1545 1230 choro

176 1270 268 1297 usus
296 1259 363 1307 sit,
392 1259 538 1308 optime
566 1258 830 1309 intelligatur,
856 1272 984 1309 pauca
1004 1259 1051 1298 de
1076 1260 1123 1297 iis
1144 1259 1342 1312 addamfl)
1372 1260 1547 1310 Apparet

176 1330 275 1367 enim
307 1341 354 1366 ex
381 1328 557 1377 reliquiis
585 1328 700 1366 huius
728 1328 882 1377 hymni,
920 1341 997 1366 non
1035 1342 1189 1378 semper
1224 1333 1352 1367 totum
1387 1329 1545 1367 chorum

174 1397 215 1435 in
242 1395 457 1435 referendis
487 1395 723 1435 carminibus
753 1396 894 1445 egisse,
933 1396 1000 1434 sed
1028 1397 1068 1434 in
1096 1397 1143 1433 iis
1171 1396 1367 1446 partibus,
1402 1396 1547 1446 ‘quibus

174 1467 295 1515 poeta
322 1464 445 1514 ipsius
474 1464 593 1502 animi
621 1477 755 1502 sensus
783 1464 978 1512 edicebat,
1017 1478 1215 1504 sermones
1244 1465 1416 1504 alternos
1443 1465 1547 1503 inter

173 1535 333 1583 poetam
362 1531 469 1570 chori
498 1532 635 1570 ducem
671 1535 711 1571 et
746 1533 920 1582 singulas
955 1533 1062 1572 chori
1091 1533 1258 1582 virgines
1293 1533 1446 1572 sodales
1479 1533 1547 1571 ad-

177 1601 316 1639 missos
339 1613 433 1638 esse.
457 1600 556 1638 Nam
576 1604 784 1650 postquam
808 1601 944 1650 primis
964 1601 1136 1651 strophis
1157 1605 1261 1639 certe
1284 1615 1307 1639 a
1325 1605 1409 1640 toto
1429 1602 1546 1640 choro

178 1669 346 1707 cantatis
366 1668 606 1718 mythologia
628 1668 906 1707 Dioscurorum
928 1669 1125 1719 descripta
1150 1672 1209 1707 est
1223 1692 1274 1697 —-
1293 1683 1393 1719 quae
1416 1673 1546 1708 tamen

176 1750 269 1787 pars
305 1740 386 1775 tam
424 1737 585 1784 mutila,
624 1740 669 1775 ut
705 1740 862 1786 praeter
899 1737 1057 1776 caedem
1097 1738 1500 1788 Hippocoontidarum
1512 1737 1546 1789 4)

177 1805 274 1844 nihil
300 1809 453 1860 ‘certum
481 1805 703 1855 argumenti
732 1806 853 1844 statui
880 1806 1004 1856 possit
1033 1830 1085 1834 —
1120 1819 1144 1844 a
1171 1819 1286 1845 versu
1315 1809 1350 1847 2.
1378 1820 1468 1857 pag.
1496 1807 1545 1845 II.

177 1874 311 1913 fabula
331 1875 474 1913 omissa
489 1888 559 1925 per
577 1875 797 1924 generalem
818 1870 1052 1913 sententiam
1069 1875 1165 1927 (VV.
1184 1876 1315 1928 2—5)
1330 1876 1545 1914 orationem

177 1946 295 1993 poeta
335 1942 510 1981 traducit
555 1946 594 1981 et
636 1943 829 1981 convertit
861 1942 912 1981 ad
945 1944 1051 1992 ipsas
1088 1943 1195 1981 chori
1228 1944 1416 1993 virgines,
1453 1957 1547 1993 qua-

176 2024 263 2050 rum
292 2011 391 2049 duae
413 2011 538 2061 Agido
567 2013 607 2049 et
633 2010 887 2061 Agesichora,
916 2011 1094 2049 maximis
1120 2011 1304 2050 laudibus
1333 2011 1548 2050 efferuntur

178 2079 276 2131 (VV.
307 2079 465 2131 5—29).
492 2080 643 2118 Primos
670 2092 804 2118 versus
830 2080 993 2130 (2—14)
1020 2079 1168 2129 Agidus
1191 2080 1350 2118 laudem
1377 2080 1546 2119 ferentes

176 2161 200 2187 a
235 2150 353 2199 poeta
389 2148 474 2198 ipso
511 2134 689 2186 cantatos
728 2160 810 2186 esse
844 2160 891 2186 ex
924 2150 1155 2198 argumento
1192 2151 1231 2187 et
1265 2147 1411 2197 verbis,
1447 2161 1547 2198 quae

177 2217 252 2257 toti
280 2216 397 2255 choro
426 2220 520 2267 apta
554 2229 632 2256 non
669 2219 814 2265 essent,
854 2216 1045 2255 coniicere
1078 2216 1190 2265 licet3
1227 2216 1332 2256 idem
1359 2216 1546 2256 vocabulo

282 2382 307 2419 ¹)
331 2380 393 2420 frg.
415 2380 456 2411 28
472 2380 548 2411 -32.
584 2379 641 2410 cfr.
663 2378 815 2419 Bergk,
838 2379 953 2410 Philol.
978 2379 1065 2411 XVI.
1089 2390 1120 2420 p.
1142 2379 1204 2411 590
1227 2390 1264 2420 sq

283 2445 308 2482 ²)
334 2443 391 2475 cfr.
415 2454 445 2484 p.
468 2442 505 2474 31
530 2451 578 2483 sq.

284 2507 308 2544 ³)
334 2506 391 2538 cfr.
412 2506 486 2538 Ber
494 2506 583 2547 gkii
606 2506 867 2538 commentarium
885 2505 931 2537 ‘ad
952 2505 1013 2538 hos
1036 2514 1149 2537 versus
1171 2518 1193 2548 p
1225 2507 1286 2539 832
1303 2516 1349 2548 sq.

280 2570 307 2608 ⁴)
332 2568 477 2602 column.
499 2569 523 2600 I.
548 2569 658 2600 1—12.
