1728 2976
868 112 890 146 9

197 235 360 284 attinet,
395 235 487 284 quia
520 235 639 273 etiam
672 233 797 273 altera
830 233 1024 272 sententia
1050 232 1216 284 probata
1245 232 1343 271 nihil
1370 235 1429 271 est
1457 230 1562 282 quod

198 305 372 343 nostram
407 302 594 352 temporis
630 301 968 351 computationem,
1003 314 1120 351 quam
1155 300 1203 339 dc
1232 301 1417 339 Alcmane
1446 311 1565 349 supra

197 371 487 421 proposussmus,
508 370 713 419 quominus
734 374 936 409 teneamus
960 369 1169 420 impediat3
1198 382 1288 408 nam
1309 369 1402 418 quin
1421 380 1564 417 aequa-

198 438 275 477 lem
304 437 521 487 Terpandri
547 437 737 475 iuniorem
764 437 989 475 Alcmanem
1022 450 1227 486 ponamus,
1259 437 1355 474 nihil
1375 435 1516 473 obstat.
1533 435 1560 485 1)

199 506 325 545 Maior
357 504 575 544 difficultas
611 505 651 543 in
688 504 895 544 statuendo
929 504 1120 544 secundae
1158 503 1447 544 constitutionis
1480 516 1563 541 mu-

201 575 302 613 sicae
328 577 502 623 tempore
532 572 706 620 obvenit3
739 585 856 622 quam
883 574 917 611 si
945 577 1140 612 extremae
1168 574 1272 623 parti
1301 572 1446 611 saeculi
1479 584 1564 620 sep-

200 642 286 681 timi
305 641 521 680 attribuere
541 642 773 680 testimoniis
792 645 966 679 veterum
985 642 1219 691 scriptorum
1239 642 1429 690 cogimur,
1445 652 1561 689 quum

203 710 426 748 Alcmanem
454 722 532 747 non
559 713 650 748 ante
678 712 857 748 auctores
884 710 999 748 huius
1023 711 1231 748 catastasis
1249 709 1426 748 floruisse
1445 721 1563 758 supra

204 777 523 824 concesserimus,
552 777 599 815 de
628 777 821 815 sententia
847 781 982 816 nostra
1010 777 1273 816 decedendum
1300 777 1386 816 erit.
1419 776 1563 814 Verum

201 845 354 884 etiamsi
384 847 514 882 cetera
542 845 671 883 omnia
698 845 745 883 de
774 844 960 883 Thaletae
987 849 1179 895 tempore,
1216 846 1262 883 de
1291 858 1367 894 quo
1395 845 1562 894 primum

201 926 263 952 res
300 913 446 962 agitur,
488 911 537 950 ab
572 912 658 950 aliis
696 912 919 951 auctoribus
952 913 1100 952 tradita
1132 914 1491 963 praetermittamus
1525 914 1563 949 et

199 994 319 1020 unum
348 980 540 1019 Glaucum
566 980 772 1030 1talum‚2)
807 981 915 1018 cuius
943 981 1056 1019 unius
1083 982 1319 1020 auctoritate
1348 980 1561 1019 adversarii

199 1050 392 1097 nituntur,
422 1062 646 1098 sequamur,
684 1052 816 1087 tamen
851 1050 970 1087 etiam
1006 1050 1047 1087 in
1081 1050 1154 1088 hoc
1191 1049 1296 1088 fonte
1330 1049 1427 1087 nihil
1461 1061 1562 1095 esse,

199 1116 304 1165 quod
333 1117 552 1165 opinionem
581 1122 753 1155 nostram
788 1117 1006 1165 subvertat,
1041 1131 1112 1167 pro
1141 1122 1248 1155 certo
1276 1117 1563 1155 affirmaverim.

200 1183 439 1232 Interpretes
469 1184 588 1230 enim,
618 1184 684 1232 qui
713 1183 824 1221 nobis
853 1184 1126 1231 adversantur,
1155 1188 1290 1233 poetas
1318 1184 1405 1221 illos
1424 1187 1465 1221 et
1482 1196 1565 1221 mu-

200 1251 320 1299 sicos,
350 1251 553 1290 Thaletam
581 1255 826 1301 ceterosque,
865 1252 969 1301 quod
997 1265 1020 1291 a
1048 1251 1194 1290 Glauco
1224 1256 1403 1290 auctores
1431 1264 1564 1290 secun-

201 1319 273 1357 dae
303 1319 593 1357 constitutionis
612 1321 783 1358 musicae
802 1320 917 1358 simul
936 1321 1271 1371 enumerenturff)
1298 1320 1423 1358 eidem
1442 1319 1563 1357 aetati

201 1387 492 1436 adscribendos,
514 1392 632 1437 atque
648 1401 765 1437 quum
776 1387 967 1427 Sacadam
983 1389 1167 1438 Argivum
1184 1388 1334 1439 Olymp.
1350 1387 1523 1436 XLVIII,
1541 1390 1561 1425 3

201 1456 414 1494 certamine
426 1456 589 1505 Pythico
604 1456 741 1494 vicisse
757 1456 971 1508 constet,4)
992 1460 1141 1495 ceteros
1155 1457 1259 1494 haud
1276 1469 1394 1505 supra
1410 1456 1562 1505 Olymp.

196 1525 263 1563 XL
292 1524 538 1563 collocandos
567 1537 648 1563 esse
677 1524 984 1577 arbitrantur,⁵)
1011 1537 1089 1574 qua
1107 1525 1433 1575 interpretatione
1454 1523 1563 1562 chro-

197 1592 393 1640 nologiam
420 1605 580 1640 prorsus
609 1592 751 1630 falsam
777 1592 867 1630 huic
895 1594 1048 1631 auctori
1076 1593 1313 1639 attribuunt,
1339 1606 1457 1641 quam
1485 1596 1563 1630 sta-

200 1663 310 1699 tuere
337 1672 461 1709 neque
490 1660 613 1698 voluit
640 1672 766 1710 neque
793 1660 933 1710 potuit.
961 1660 1019 1699 Eo
1040 1660 1144 1710 quod
1164 1660 1277 1698 simul
1298 1660 1561 1706 nomina-ntur,

199 1728 372 1766 eiusdem
402 1728 543 1766 aetatis
572 1741 636 1766 eos
664 1728 781 1768 fuisse
808 1729 965 1766 minime
994 1728 1171 1768 concludi
1199 1733 1344 1777 potest,
1365 1728 1433 1766 sed
1452 1740 1563 1765 accu-

199 1796 325 1834 ratius
359 1799 580 1845 spectantes
617 1799 656 1834 et
683 1801 826 1835 natura
857 1797 971 1835 huius
1000 1797 1205 1835 catastasis
1234 1800 1273 1834 et
1300 1797 1395 1846 ipsis
1425 1795 1562 1834 Glauci

197 1863 325 1902 verbis
351 1864 451 1901 hanc
478 1865 663 1913 temporis
683 1865 962 1913 aequalitatem
982 1865 1134 1903 excludi
1155 1865 1267 1902 facile
1287 1864 1561 1912 intelligemus.

198 1931 324 1978 Quum
351 1932 479 1982 prima
508 1933 736 1971 constitutio
765 1946 788 1971 a
816 1933 1041 1984 Terpandro
1071 1934 1252 1971 instituta
1286 1932 1336 1971 ad
1372 1932 1562 1970 citharoe-

197 2000 325 2039 dicam
364 2004 489 2039 artem
527 2002 712 2049 attineat,
747 2001 845 2040 hanc
873 2002 1035 2041 alteram
1065 2002 1256 2040 auleticae
1283 2001 1561 2051 perfectionem

332 2181 352 2221 ¹)
374 2180 508 2212 Ulrici
529 2180 569 2212 ΙΙ.
591 2190 624 2221 p.
645 2180 716 2212 390.
758 2180 865 2213 Bode
886 2181 949 2213 IIb.
970 2192 1003 2222 p.
1028 2183 1076 2213 15.

329 2239 353 2280 ²)
375 2238 427 2270 EX
442 2238 554 2270 Glauci
571 2238 655 2269 enim
669 2237 812 2279 Rhegini
825 2238 908 2270 libro
930 2238 1026 2285 „ssepi
1043 2242 1109 2274 τῶν
1127 2239 1274 2287 ἀρχαίων
1289 2241 1436 2285 ποιητῶν
1456 2252 1491 2273 τε
1508 2238 1562 2273 καὶ

198 2295 391 2336 μουσικῶν(
418 2290 599 2331 conscripto
623 2300 697 2331 pars
719 2291 775 2322 illa
797 2291 872 2323 libri
886 2291 1052 2323 Plutarchi
1073 2292 1148 2338 περὶ
1175 2295 1338 2337 μουσικῆς
1360 2292 1399 2332 (c.
1414 2293 1443 2323 9.
1465 2294 1498 2322 et
1515 2292 1564 2323 10.

195 2353 227 2383 Ρ.
250 2344 311 2381 7.),
339 2351 421 2383 quae
451 2342 491 2373 de
518 2342 621 2383 prima
647 2346 679 2373 et
707 2342 849 2375 secunda
877 2343 1028 2376 catastasi
1054 2344 1175 2376 musica
1203 2344 1285 2384 agit,
1314 2344 1482 2385 desumpta
1503 2348 1563 2376 est.

197 2394 255 2428 cfr.
277 2395 344 2427 We
355 2394 514 2436 stphal‚
537 2394 622 2427 Plut.
644 2394 683 2426 de
705 2404 785 2428 mus.
807 2406 840 2436 p.
861 2396 902 2428 67
926 2405 971 2437 sq.

322 2454 347 2492 ³)
370 2453 472 2485 Plut.
496 2452 536 2485 de
558 2462 639 2486 mus,
662 2463 688 2486 c.
713 2454 742 2487 9.
764 2464 795 2495 p.
818 2456 847 2487 7.

321 2513 347 2551 ⁴¹)
371 2511 430 2543 cfr.
452 2511 565 2544 Paus.
587 2512 627 2544 X.
651 2514 680 2551 7,
702 2514 731 2544 3.

325 2569 347 2610 ⁵)
367 2569 566 2606 Muller‚l
598 2570 620 2602 1.
641 2581 672 2611 p.
696 2570 767 2603 286.
810 2571 946 2603 Hoeck
969 2572 1026 2604 ΠΙ.
1047 2582 1078 2613 Ρ.
1100 2572 1162 2603 340
1183 2582 1230 2612 sq.
