1728 2976
834 91 882 126 38

167 227 210 252 re
240 226 374 253 omnes
403 214 670 262 consentiunt,
700 214 769 253 sed
797 214 898 253 alius
927 217 1111 252 naturam
1129 214 1364 253 Laconicam
1391 215 1433 253 in
1459 215 1543 254 eius

168 281 406 321 carminibus
426 282 531 320 cerni
551 286 590 321 et
618 282 811 321 declarari
838 282 1052 330 existimat,
1068 281 1098 334 ¹)
1125 282 1225 321 alius
1244 282 1445 322 Aeolicum
1462 296 1544 323 mo-

168 364 251 389 rem
279 353 318 388 et
344 350 516 389 indolem
545 351 580 389 ei
608 350 836 402 vindicat.²)
873 351 997 397 Quam
1032 351 1319 400 quaestionem,
1353 356 1541 401 quantum

167 431 343 467 possum,
372 422 415 457 ut
444 422 628 456 accurate
658 419 869 468 explicem,
903 419 944 456 in
974 418 1048 456 hoc
1081 418 1210 467 capite
1242 417 1337 456 mihi
1368 420 1544 469 proposi-

169 488 252 524 tum
281 490 352 526 est.

273 554 463 593 Nationes
500 554 675 593 Graecae
713 557 758 593 ut
796 554 946 603 indole,
983 553 1175 603 moribus,
1214 555 1426 604 institutis,
1464 555 1546 593 dia-

168 623 297 670 lectis,
337 623 456 660 etiam
483 623 612 672 poesis
643 623 788 672 lyricae
816 624 971 672 ingenio
1000 623 1212 672 plurimum
1239 624 1341 661 inter
1369 637 1409 662 se
1437 623 1545 662 diffe-

168 689 330 737 rebant,
359 689 400 727 id
428 689 534 738 quod
562 693 601 728 et
628 703 698 739 per
726 703 765 727 se
800 690 979 728 concludi
1012 693 1142 739 potest
1177 693 1217 728 et
1249 690 1416 728 historia
1448 690 1545 728 artis

169 758 314 808 lyricae
349 760 430 796 tam
466 757 636 796 dilucide
673 758 881 805 evincitur,
916 761 959 795 ut
992 758 1160 807 amplius
1194 758 1241 796 de
1274 771 1320 797 ea
1346 772 1389 797 re
1417 758 1545 797 dicere

171 838 504 876 supervacaneum
541 826 602 864 sit.
645 825 720 864 Sed
756 838 875 875 quum
912 839 1029 864 unam
1064 838 1104 864 se
1139 829 1292 876 gentem
1327 827 1472 865 scirent
1507 829 1546 864 et

168 898 305 934 mutuo
333 908 407 933 usu
435 898 554 945 atque
584 895 816 934 commercio
852 895 1069 934 arctissime
1103 896 1205 933 inter
1241 908 1280 934 se
1317 896 1545 934 coniunctae

171 967 319 1011 essent,
349 963 444 1012 quid
472 964 635 1009 mirum,
672 963 746 1001 hac
774 963 960 1011 loquendi
989 963 1250 1012 audiendique
1280 963 1545 1001 vicissitudine

171 1031 290 1070 etiam
317 1031 446 1081 poesis
479 1031 624 1081 lyricae
654 1043 753 1080 quae
789 1031 976 1080 cuiusque
1014 1032 1185 1070 nationis
1219 1034 1380 1081 propria
1415 1035 1545 1077 erant,

168 1100 272 1137 inter
300 1112 341 1138 se
369 1100 493 1137 mixta
522 1103 561 1137 et
590 1099 751 1137 confusa
772 1100 886 1137 esse?
913 1100 1021 1137 Haec
1040 1101 1327 1149 proprietatum
1346 1100 1449 1138 inter
1469 1101 1541 1137 sin-

168 1167 349 1217 gularum
377 1167 581 1206 nationum
608 1170 745 1217 poetas
770 1167 912 1217 lyricos
934 1168 1232 1206 communicatio
1254 1171 1291 1206 et
1311 1168 1425 1217 quasi
1444 1180 1546 1206 com-

167 1236 356 1273 mercium
384 1237 501 1274 etiam
529 1236 680 1284 lingua,
716 1248 794 1284 qua
822 1235 1050 1282 utebantur,
1089 1236 1298 1285 perspicua
1327 1238 1397 1275 est.
1435 1236 1547 1274 Com-

168 1303 398 1342 mixtionem
427 1304 530 1343 enim
557 1303 666 1341 illam
695 1303 973 1351 dialectorum,
1003 1316 1102 1353 quae
1130 1306 1336 1353 poetarum
1357 1302 1545 1342 Graeciae

168 1372 379 1422 lyricorum
406 1373 568 1422 propria
595 1373 637 1410 in
665 1372 783 1410 nullis
813 1372 893 1410 fere
922 1373 1089 1410 aliarum
1118 1373 1290 1422 gentium
1319 1372 1461 1410 litteris
1489 1373 1547 1410 in-

168 1440 340 1488 venitur,
369 1453 448 1479 non
476 1440 594 1479 fuisse
623 1440 875 1478 arbitrariam
905 1443 944 1478 ct
973 1453 1020 1478 ex
1045 1440 1206 1478 libidine
1232 1443 1389 1490 poetae,
1411 1440 1479 1478 sed
1501 1454 1547 1478 ex

170 1509 332 1547 consilio
361 1512 480 1557 atque
504 1508 603 1546 bene
627 1508 936 1555 consideratam,
967 1512 1005 1546 et
1033 1522 1080 1546 ex
1107 1509 1192 1557 ipso
1223 1508 1462 1546 Graecorum
1490 1509 1547 1545 in-

170 1577 302 1628 genio,
331 1590 408 1627 quo
437 1577 681 1627 aptissimam
711 1577 848 1626 cuique
877 1577 934 1615 rei
963 1580 1003 1615 et
1030 1579 1260 1626 argumento
1287 1575 1451 1615 formam
1479 1576 1545 1614 ad-

168 1645 304 1684 hibere
333 1645 526 1693 sciebant,
555 1646 764 1685 verisimile
794 1649 871 1693 est,
902 1649 941 1683 et
969 1645 1062 1694 quid
1092 1644 1165 1682 sibi
1192 1644 1304 1692 velit,
1339 1645 1413 1682 viri
1441 1644 1545 1682 docti

170 1714 239 1753 diu
267 1713 363 1752 satis
392 1716 669 1764 cognoverunt,
698 1714 932 1763 Progressus
961 1713 1057 1751 artis
1085 1713 1247 1763 lyricae,
1273 1715 1392 1763 prout
1419 1725 1443 1751 a
1471 1712 1547 1750 sin-

170 1783 272 1832 gulis
301 1782 527 1821 nationibus
550 1782 751 1832 profectus
773 1783 990 1831 ceterisque
1010 1785 1221 1832 usurpatus
1241 1784 1318 1830 est,
1338 1781 1411 1819 hoc
1431 1780 1546 1819 modo

170 1849 416 1901 significatur
444 1853 484 1889 et
513 1851 758 1900 exprimitur.
772 1850 802 1902 3)

276 1919 389 1966 Quod
418 1919 451 1958 si
479 1922 657 1968 constat,
686 1920 765 1958 iam
793 1920 964 1970 primum
986 1918 1251 1969 quaerendum
1277 1920 1355 1967 est,
1376 1931 1546 1968 quanam

171 1988 340 2027 dialecto
366 1988 531 2026 Alcman
558 2000 652 2026 usus
681 1989 743 2028 sit.
773 1988 948 2038 Apparet
976 2000 1067 2026 vero
1095 1990 1134 2026 et
1162 1986 1392 2037 fragmentis
1421 1990 1460 2025 et
1488 1989 1547 2025 te-

284 2157 302 2197 ')
324 2156 414 2188 Idem
437 2157 478 2188 II.
501 2166 531 2196 p.
553 2156 634 2188 469:
657 2156 705 2187 Er
727 2154 804 2187 darf
823 2155 875 2186 fur
896 2155 958 2186 den
979 2157 1144 2186 treuesten
1159 2154 1372 2186 Wortft'ihrer
1387 2154 1445 2186 der
1460 2163 1549 2195 spar-

171 2209 343 2242 tanischen
365 2208 632 2249 Burgerlichkeit
654 2208 774 2249 gelten.

278 2274 303 2314 ²)
325 2273 378 2305 W.
402 2272 573 2304 Teuffel
597 2272 629 2303 in
653 2272 765 2313 Pauly,
787 2271 1027 2313 Encyclopaed.
1050 2281 1074 2304 s.
1097 2282 1126 2304 v.
1148 2271 1285 2304 Alcman
1310 2270 1372 2313 (ed.
1395 2270 1457 2309 IL).

276 2338 303 2377 ³)
327 2336 383 2369 cfr.
406 2336 571 2368 Ahrens
600 2335 634 2367 in
663 2336 755 2368 Actis
786 2346 874 2368 conc,
906 2336 1020 2369 Philol.
1053 2337 1206 2369 German.
1234 2335 1322 2368 XIII.
1354 2334 1548 2375 (Gottingen

172 2390 267 2421 1853»
292 2400 322 2430 p.
346 2389 407 2421 56:
437 2388 604 2420 Vielmehr
626 2388 734 2428 ergibt
757 2388 808 2419 die
830 2388 954 2419 nahere
977 2388 1212 2428 Betrachtung,
1236 2388 1311 2419 dass
1333 2387 1385 2418 die
1407 2388 1470 2418 Art
1492 2386 1549 2418 der

171 2443 470 2484 Dialeennischung
502 2441 626 2474 uberall
656 2451 720 2472 von
752 2440 824 2473 dem
854 2441 1212 2482 Entwicklungsgange
1242 2440 1299 2472 der
1324 2439 1548 2481 griechischen

170 2497 337 2529 Literatur
369 2497 403 2528 in
436 2497 540 2528 ihrern
574 2495 801 2527 Verhaltnisse
834 2506 875 2526 zu
909 2494 973 2525 den
1007 2494 1261 2526 verschiedenen
1295 2494 1461 2525 Stammen
1494 2492 1549 2524 ab·
1586 2509 1587 2512 =

170 2550 295 2590 hangig
319 2549 371 2581 ist.
