1728 2976
172 277 338 315 tentiam
358 290 436 316 non
454 277 642 327 probans,
672 290 781 315 suam
800 278 842 315 in
860 277 963 315 hunc
982 277 1141 315 modum
1160 279 1357 327 exposuit:
1373 278 1403 330 ¹)
1434 279 1547 326 „Alc-

172 346 299 383 manis
327 349 459 383 autem
490 346 663 382 carmina
692 345 800 383 fuere
830 358 907 383 sex.
937 345 1076 393 Itaque
1102 358 1149 383 ne
1173 349 1372 395 putemuS,
1393 359 1545 385 omnem

173 413 283 451 nobis
312 414 487 462 syllogen
515 425 740 462 superesse:
767 417 843 459 est,
864 417 907 450 ut
927 413 1024 459 dixi,
1046 412 1307 462 fragmentum
1327 415 1543 452 voluminis.

173 481 219 519 In
254 494 298 520 eo
326 482 510 530 leguntur
538 494 672 519 versus
706 485 745 519 et
773 494 954 520 versuum
987 484 1120 531 partes
1152 481 1359 531 decerptae
1387 495 1435 520 ex
1462 495 1546 520 car-

173 549 342 588 minibus
370 550 587 595 Alcmanis,
621 549 886 599 paedagogico
914 549 1046 599 aliquo
1075 550 1236 588 consilio
1263 549 1374 589 nobis
1400 551 1545 589 incom-

172 622 284 668 perto
314 618 556 656 collectae...
587 618 781 657 Versiculi
807 618 1038 668 plerumque
1071 630 1150 656 non
1184 618 1409 667 cohaerent,
1443 620 1545 669 peri-

174 686 349 724 culosum
369 686 485 732 adeo,
503 690 728 724 contextum
749 686 942 735 quendam
960 687 1100 726 horum
1120 686 1426 736 fragmentorum
1447 688 1544 726 velle

174 754 363 793 efficere.“
395 754 471 792 Sed
491 755 637 803 optimo
662 755 746 793 iure
774 755 965 805 Bergkius
993 755 1093 793 hanc
1121 756 1356 794 sententiam
1383 768 1544 805 prorsus

173 835 396 872 perversam
435 821 681 874 refutavit,²)
720 837 839 872 quum
877 827 917 862 et
952 827 1140 861 contextu
1173 836 1353 861 versuum
1388 837 1434 861 ex
1469 836 1543 861 uno

174 891 345 928 carmine
374 890 602 928 continuum
629 890 891 940 fragmentum
926 891 1037 930 nobis
1073 895 1228 930 exstare
1262 891 1357 929 satis
1390 894 1543 940 pateat,

174 963 213 997 et
246 959 380 997 multis
415 959 569 997 indiciis
606 972 688 997 esse
722 960 762 998 id
797 973 844 998 ex
879 960 1021 1010 hymno
1057 961 1097 998 in
1131 960 1343 998 Dioscuros
1377 960 1543 1009 petitum

174 1028 270 1065 satis
289 1026 489 1076 probetur.
504 1028 535 1072 3)
565 1027 772 1065 Metricam
799 1032 930 1066 autem
957 1029 1149 1066 rationem
1176 1040 1301 1076 neque
1329 1028 1411 1076 ipse
1439 1031 1544 1064 recte

173 1095 391 1145 perspexit3
411 1109 501 1133 nam
530 1095 634 1145 quod
662 1100 788 1133 metra
816 1109 899 1134 esse
927 1096 1011 1146 lege
1040 1096 1169 1134 soluta
1196 1100 1234 1133 et
1263 1095 1461 1144 strophica
1489 1095 1545 1133 di-

174 1164 338 1210 visione,
367 1176 603 1212 quamquam
632 1164 836 1213 pericopas
864 1164 932 1202 sed
960 1164 1138 1213 dispares
1166 1163 1375 1212 dignoscit,
1411 1176 1544 1201 carere

174 1230 409 1282 affirmat,4)
444 1235 652 1281 utrumque
686 1231 828 1270 falsum
863 1245 945 1271 esse
979 1232 1121 1271 iudico.
1152 1231 1339 1281 Strophas
1368 1232 1470 1269 enim
1498 1244 1545 1269 ex

174 1299 350 1338 versibus
386 1300 541 1338 omnino
578 1299 739 1349 paribus
777 1301 1012 1350 compositas
1050 1301 1092 1339 in
1128 1301 1201 1339 hoc
1237 1299 1454 1349 fragmento
1489 1298 1546 1337 di-

175 1368 374 1418 stinguere
402 1368 496 1406 mihi
525 1368 668 1407 videor.
699 1368 811 1415 Quod
829 1372 874 1406 ut
893 1368 1170 1416 demonstrem,
1197 1368 1358 1406 alterius
1378 1368 1544 1417 paginae

175 1449 309 1474 versus
339 1437 463 1486 (nam,
490 1441 534 1474 ut
562 1437 658 1484 dixi,
679 1438 828 1486 primae
844 1441 887 1475 ‘et
904 1438 1046 1475 tertiae
1067 1437 1268 1475 columnae
1287 1439 1412 1474 metra
1430 1448 1547 1484 prop-

176 1507 237 1542 ter
265 1505 446 1542 miseram
474 1518 599 1554 neque
628 1505 821 1554 integram
839 1504 1047 1543 verborum
1071 1504 1332 1543 conditionem
1360 1504 1546 1541 constitui

174 1574 390 1623 nequeunt)
419 1573 492 1611 hoc
520 1573 605 1611 loco
634 1578 812 1623 repetere
840 1574 982 1623 placet.
1013 1573 1143 1611 Verba
1172 1586 1219 1610 ex
1246 1571 1398 1619 tabula,
1429 1584 1545 1621 quam

176 1640 368 1691 Bergkius
396 1642 435 1679 in
458 1641 682 1692 Appendice
711 1642 892 1681 editionis
919 1642 1060 1680 tertiae
1087 1642 1240 1680 Poetar.
1269 1639 1378 1690 lyric.
1408 1639 1545 1677 Graec.

176 1723 214 1760 p.
255 1712 353 1748 1380
392 1710 532 1758 edidit,
571 1710 788 1761 descripta;
826 1724 927 1760 quae
964 1711 1015 1749 ad
1052 1710 1285 1760 explendum
1323 1712 1546 1748 contextum

175 1777 360 1816 Brinkius
389 1782 459 1816 aut
487 1778 679 1827 Bergkius
707 1783 812 1817 recte
849 1780 1116 1826 coniecerunt,
1152 1778 1261 1816 uncis
1294 1777 1446 1815 inclusa
1480 1774 1547 1815 ad-

176 1844 278 1893 didi3
308 1849 439 1885 cetera
468 1859 646 1896 quaeque
674 1847 757 1896 ipse
787 1847 1030 1886 emendanda
1056 1850 1169 1897 puto,
1206 1846 1398 1884 continuis
1426 1858 1546 1884 anno-

175 1913 392 1953 tationibus
421 1914 602 1954 indicavi.

288 2058 306 2095 ¹)
329 2056 446 2089 Philol.
468 2057 556 2091 XXI.
579 2068 611 2099 p.
637 2058 705 2090 127.

284 2121 307 2157 ²)
331 2119 450 2152 Philol.
472 2120 575 2151 XXII.
600 2132 631 2161 p.
657 2125 672 2152 1
697 2126 730 2153 et
752 2122 779 2152 2.

282 2182 306 2223 3)
329 2182 384 2214 cfr.
408 2191 489 2223 quae
512 2182 717 2224 Bergkius
738 2184 846 2215 attulit
868 2184 986 2216 Philol.
1001 2184 1104 2216 XXII.
1122 2195 1150 2225 p.
1168 2184 1185 2215 ἱ).
1204 2188 1236 2215 et
1252 2185 1338 2215 Poet.
1357 2184 1405 2224 lyr
1430 2195 1460 2225 p.
1477 2184 1538 2215 325

279 2247 304 2287 ⁴)
328 2246 385 2278 cfr.
409 2246 516 2277 Philol
550 2246 569 2277 l.
592 2246 633 2277 ].:
666 2247 733 2278 Das
756 2247 896 2278 Gedicht
919 2248 1071 2279 entbehrt
1093 2247 1150 2279 dci·
1171 2247 1398 2288 strophischon
1421 2247 1548 2278 (illode-

175 2309 267 2338 rung.
291 2317 328 2321 --
358 2298 448 2329 Poet.
472 2298 530 2338 lyr.
554 2298 609 2329 Gr.
631 2309 662 2338 p.
686 2299 766 2330 825:
795 2298 931 2330 Carmen
959 2300 1021 2331 hoc
1050 2310 1114 2330 non
1142 2300 1272 2330 minutis
1303 2300 1445 2339 strophis
1474 2309 1548 2330 con-

175 2355 253 2390 stat,
286 2350 554 2391 quemadmodum
581 2350 719 2391 hymnus
746 2352 780 2382 in
807 2352 915 2383 Iovem
938 2351 1117 2393 Lycaeum,
1145 2352 1201 2383 sed
1224 2352 1296 2392 lege
1320 2357 1368 2383 est
1391 2352 1547 2392 solutum3

173 2408 281 2435 tamen
304 2402 356 2433 hic
381 2411 508 2443 quoque
531 2403 700 2444 pericopas
723 2402 869 2444 dispares
894 2404 986 2435 facile
1010 2404 1192 2445 dignoscas.
