1728 2976
833 151 880 185 35

276 271 360 309 Iam
393 283 438 309 eo
474 271 750 321 disputationis
787 273 982 320 venimus,
1019 276 1063 311 ut
1099 285 1199 322 quae
1234 273 1311 311 sint
1344 274 1540 313 Alcmanis

175 338 222 376 de
249 338 414 377 metrica
441 342 527 377 arte
555 340 716 388 merita,
749 339 864 390 plane
898 341 1221 390 perspexerimus.
1264 340 1304 379 Si
1331 338 1451 390 igitur
1478 352 1542 377 ex-

173 407 303 457 posita
328 407 498 445 breviter
526 408 770 457 strictimque
800 408 894 447 licet
921 412 1115 459 repetere,
1149 412 1267 459 poeta
1298 412 1431 447 noster
1463 421 1540 446 non

175 475 301 513 solum
320 488 420 514 nova
438 479 565 514 metra
585 479 623 514 et
641 476 789 514 invenit
808 480 847 515 et
866 489 913 515 ex
928 477 1014 515 aliis
1028 478 1156 527 poesis
1171 476 1375 526 generibus
1393 476 1432 513 in
1454 476 1542 513 cho-

175 543 300 581 ricam
327 543 498 592 induxit,
532 544 600 582 sed
628 545 746 583 etiam
774 557 877 593 eam,
906 558 1005 595 quae
1034 545 1178 595 optime
1205 545 1336 595 lyricis
1363 544 1543 583 carmini-

175 611 247 651 bus
263 613 457 660 convenit,
473 612 638 651 formam
654 613 804 662 primus
820 614 1039 663 usurpavit,
1056 616 1268 663 systemata
1283 613 1369 652 dico
1386 616 1425 651 et
1442 616 1542 652 stro-

174 682 272 732 phas
307 681 467 720 maioris
498 681 706 719 minorisve
737 682 866 731 spatii.
910 681 1022 720 Hanc
1056 681 1293 731 strophicam
1327 682 1541 720 carminum

175 750 473 800 descriptionem
493 749 727 787 Plutarchus
747 750 940 799 respicere
960 750 1113 788 videtur
1141 750 1217 788 illis
1237 750 1383 788 verbis:
1403 750 1432 802 ¹)
1460 748 1542 788 ἔστι

175 818 217 857 δέ
234 832 295 863 τις
312 817 373 856 καὶ
390 814 620 869 Ἀλκμανικὴ
639 817 864 867 καινοτομία
885 818 1025 870 (intell.
1048 818 1349 871 ῥυθμοποιίας),
1378 819 1418 857 id
1437 818 1541 868 quod

176 900 222 926 ex
235 886 363 925 verbis
379 898 478 936 quae
494 886 606 924 addit
623 899 630 924 :
650 885 715 924 καὶ
732 883 1009 939 Στησιχόρειος
1028 890 1164 937 aperte
1184 887 1321 925 elucet.
1342 887 1387 924 In
1406 886 1541 925 eodem

176 955 279 993 enim
307 955 435 1004 capite
462 967 580 1003 quum
600 958 731 1002 antea,
753 954 848 1003 quid
867 955 1108 1004 Terpander,
1129 956 1237 993 cuius
1257 956 1430 993 carmina
1447 953 1544 992 κατὰ

176 1021 307 1072 στίχον
335 1023 550 1072 composita
577 1022 696 1061 fuisse
725 1025 897 1070 constat,
933 1023 1150 1071 novaverit,
1187 1026 1342 1073 postea,
1372 1027 1416 1061 ut
1443 1023 1541 1071 dixi,

178 1090 389 1130 Stesichori
417 1094 691 1129 commemoret
717 1089 981 1140 καινοτομίαν,
1009 1104 1108 1141 quae
1128 1091 1342 1141 epodorum
1361 1104 1434 1130 usu
1454 1104 1543 1130 con-

176 1159 381 1210 tinetur,²)
418 1159 466 1197 de
494 1159 692 1197 Alcmanis
719 1160 941 1198 inventione
969 1160 1205 1209 rhythmica,
1242 1160 1369 1208 qualis
1404 1160 1540 1206 fuerit,

176 1239 288 1266 nemo
316 1229 446 1277 potest
474 1225 666 1267 dubitare.
694 1226 796 1265 Nam
820 1227 923 1265 inter
949 1227 1268 1277 compositionem
1293 1226 1390 1266 κατὰ
1412 1226 1544 1277 στίχον

178 1300 218 1334 et
244 1296 359 1345 plane
386 1295 601 1344 perfectam
629 1295 737 1333 illam
764 1295 910 1333 chorici
930 1297 1113 1333 carminis
1132 1296 1314 1343 formam,
1335 1309 1434 1345 quae
1456 1309 1544 1334 con-

178 1367 257 1402 stat
284 1376 331 1402 ex
359 1363 540 1414 stropha,
569 1363 836 1413 antistropha,
866 1363 1009 1414 epodo,
1040 1363 1133 1413 quid
1158 1364 1265 1402 aliud
1294 1377 1376 1403 esse
1401 1367 1543 1414 potest,

179 1446 295 1481 quam
324 1432 429 1470 solus
458 1432 707 1482 stropharum
734 1446 827 1471 usus
855 1433 937 1471 sine
966 1432 1108 1482 epodo,
1136 1434 1245 1471 cuius
1264 1432 1440 1482 profecto
1461 1433 1545 1470 nul-

177 1500 256 1539 lum
285 1501 325 1539 in
348 1500 547 1539 Alcmanis
576 1499 804 1551 fragmentis
831 1501 1036 1551 vestigium
1064 1501 1271 1540 invenitur.
1300 1500 1395 1539 Esse
1415 1505 1545 1539 autem

179 1574 304 1608 artem
338 1570 542 1607 metricam
578 1583 666 1608 vere
702 1569 915 1619 perfectam
951 1583 1014 1617 eo,
1051 1569 1155 1619 quod
1183 1570 1344 1608 Alcman
1371 1571 1545 1617 novavit,

179 1636 382 1675 Plutarchi
409 1636 554 1685 verbis,
584 1650 684 1687 quae
712 1637 763 1676 ad
791 1638 918 1676 locum
946 1637 1152 1675 laudatum
1180 1637 1313 1675 addit:
1342 1637 1406 1676 καὶ
1431 1634 1546 1675 αὐταὶ

180 1705 249 1757 (sc.
277 1704 534 1756 καινοτομίαι)
565 1703 632 1743 οὐκ
659 1703 883 1758 ἀφεστῶσαι
908 1708 979 1744 τοῦ
1004 1705 1123 1744 καλοῦ
1149 1706 1264 1756 plane
1292 1709 1469 1756 apparet.

283 1774 458 1813 Metricis
490 1774 551 1812 his
584 1774 871 1813 inventionibus
905 1775 1024 1813 etiam
1058 1774 1227 1813 musicas
1263 1775 1469 1821 contineri,
1508 1778 1547 1812 et

180 1856 200 1881 e
234 1833 419 1882 contextu
455 1843 594 1893 capitis
622 1842 841 1891 Plutarchi,
871 1843 975 1892 quod
1002 1843 1308 1894 laudavimus,3)
1340 1844 1545 1890 evincitur,

179 1924 303 1962 neque
331 1912 398 1961 qui
433 1911 644 1951 arctissimi
670 1911 834 1959 vinculi,
872 1924 947 1961 quo
979 1924 1042 1949 ars
1077 1911 1226 1949 musica
1260 1911 1367 1961 poesi
1403 1911 1547 1961 lyricae

181 1981 388 2020 coniuncta
413 1980 531 2019 fuerit
558 1980 662 2030 apud
691 1980 879 2028 Graecos,
908 1981 1100 2019 rationem
1127 1979 1262 2028 habet,
1292 1993 1465 2030 unquam
1491 1980 1548 2018 in-

180 2048 382 2089 fitiabitur.
418 2049 604 2087 Attamen
633 2048 727 2099 quid
756 2049 803 2087 de
830 2049 975 2087 musice
1005 2049 1168 2086 Alcman
1195 2049 1398 2095 meruerit,
1428 2061 1548 2098 quum

180 2118 295 2157 huius
322 2119 421 2157 artis
450 2118 553 2167 apud
582 2116 752 2155 Graecos
779 2116 943 2155 historia
968 2116 1140 2155 nondum
1164 2117 1260 2155 satis
1283 2117 1334 2155 sit
1354 2117 1549 2167 explicata

181 2189 220 2224 et
247 2189 405 2236 aperta,
440 2186 562 2224 statui
597 2198 675 2223 non
701 2188 846 2235 potest.
883 2185 977 2223 Tres
1005 2187 1137 2223 autem
1164 2185 1270 2223 modi
1297 2185 1437 2223 musici
1465 2189 1549 2223 tum

180 2255 221 2293 in
250 2254 415 2294 Graecia
442 2254 543 2302 noti,
572 2253 733 2302 Dorius,
761 2252 924 2303 Lydius,
959 2252 1169 2303 Phrygius,
1208 2266 1305 2303 quos
1332 2254 1550 2293 Boeckhius

180 2323 400 2372 primitivos
427 2322 661 2373 appellat,4)
682 2335 816 2361 omnes
844 2322 893 2361 ab
921 2322 1107 2361 Alcmane
1135 2323 1314 2371 usurpati
1343 2327 1444 2362 sunt.
1474 2323 1551 2362 Do-

287 2449 311 2490 ¹)
333 2450 373 2481 de
396 2459 475 2483 mus.
499 2460 515 2481 c
551 2451 597 2482 12.
620 2460 651 2491 p.
677 2450 798 2489 10,12.

286 2503 311 2544 ²)
334 2503 394 2535 cfr.
410 2503 515 2535 Bode
531 2503 561 2535 II
571 2503 600 2536 b.
617 2514 647 2545 p.
663 2503 712 2535 75.
745 2503 875 2535 Welck
886 2512 941 2544 er,
957 2503 1111 2535 Kleinere
1128 2504 1291 2540 Schriften
1310 2506 1331 2536 1.
1349 2516 1370 2546 p
1399 2506 1456 2536 165}
1473 2515 1509 2547 sq

286 2556 311 2592 3)
334 2556 373 2588 de
395 2565 475 2589 mUS.
499 2566 526 2589 c.
550 2557 597 2588 12.

288 2608 313 2648 ⁴²)
336 2608 375 2639 de
398 2612 487 2641 metr.
510 2609 603 2640 Pind,
628 2619 659 2649 p.
682 2609 752 2640 214.
