1728 2976
854 134 898 169 16

190 258 354 297 Alcman
381 272 476 297 usus
504 263 577 297 est.
608 263 724 297 Prior
752 259 923 297 occurrit
952 258 1023 308 frg.
1053 261 1117 305 18,
1150 260 1166 295 1
1195 261 1234 295 et
1253 260 1297 304 23
1326 260 1393 306 25,
1415 261 1437 295 2
1457 261 1497 296 et
1516 260 1559 305 53

188 327 258 374 60,
289 328 331 373 2ς
369 329 437 373 72;
466 330 534 374 73;
574 340 661 365 cum
694 326 876 365 anacrusi
911 325 984 375 frg.
1020 328 1086 373 25,
1119 328 1136 363 1
1168 327 1280 373 et·4;
1317 328 1377 373 37,
1409 328 1442 362 1.
1477 325 1561 363 Tri-

190 393 367 443 brachyn
403 395 563 435 admisit
597 395 638 432 in
670 395 797 444 prima
831 395 911 432 arsi
943 394 1086 443 prioris
1113 394 1294 443 dipodiae
1321 393 1394 443 frg.
1424 396 1490 439 25,
1519 397 1560 442 4,

189 461 354 499 alterius
382 461 564 511 dipodiae
598 461 670 510 frg.
702 464 768 508 25,
798 464 832 499 2.
872 461 1111 499 Coniunctus
1144 461 1357 508 invenitur,
1395 473 1560 509 sequens

188 529 364 567 ordinem
393 529 629 579 dactylicum
659 529 731 578 frg.
762 531 829 578 60,
856 528 919 581 41)
950 532 989 568 et
1018 530 1085 576 62,
1118 532 1149 567 1.
1178 529 1388 568 Praeterea
1414 528 1473 567 bis
1500 541 1561 567 re-

186 597 358 646 petitum
387 610 474 635 eum
502 597 724 635 invenioin
758 597 977 646 fragmento
1012 597 1145 647 hymni
1180 597 1221 634 in
1255 597 1464 636 Dioscuros
1501 600 1559 634 16.

186 679 225 715 p.
257 665 312 712 II,
347 668 391 702 12
422 668 461 703 et
493 668 556 713 13,
587 668 635 703 26
665 669 704 704 et
733 668 793 703 27.
833 665 1006 704 Caesura
1033 678 1186 715 semper
1212 669 1283 706 aut
1308 669 1399 715 post
1426 678 1561 704 secun-

187 733 280 770 dam
312 732 418 769 arsin
451 732 600 781 primae
629 733 811 781 dipodiae
840 737 909 772 aut
936 737 1026 784 post
1058 735 1225 783 primam
1258 735 1364 772 arsin
1396 735 1560 773 alterius

187 800 367 851 dipodiae
395 800 543 850 posita,
574 801 693 839 semel
721 801 793 851 frg.
823 804 889 850 25,
919 805 943 839 4
975 801 1154 852 neglecta
1182 805 1251 841 est.

293 873 459 905 Dimetet·
487 872 731 906 catalecticus
759 883 915 907 versum
944 871 1149 908 constituit
1177 870 1248 919 frg.
1283 874 1340 917 17,
1366 874 1409 917 23
1436 874 1496 918 25,
1518 874 1560 918 33

193 939 254 984 67,
288 940 304 976 1
345 940 384 975 et
413 937 638 986 saepissime
673 936 744 986 frg.
779 939 838 977 16.
866 951 903 987 p.
932 937 981 975 II.
1012 937 1059 976 de
1087 950 1163 987 quo
1190 937 1313 986 infra3
1347 951 1434 976 cum
1470 952 1563 978 ana·

189 1005 293 1043 crusi
322 1005 394 1054 frg.
425 1008 486 1052 37,
516 1007 551 1042 2.
594 1005 855 1055 Tribrachyos
883 1005 1042 1044 admissi
1070 1006 1286 1055 exemplum
1314 1019 1392 1044 non
1421 1010 1561 1045 exstat.

188 1073 411 1122 Utrumque
436 1076 603 1111 metrum
623 1072 729 1123 apud
751 1073 1024 1112 Archilochum
1051 1086 1128 1111 non
1153 1073 1348 1112 invenitur
1373 1075 1448 1112 nisi
1475 1087 1563 1113 con-

178 1141 366 1179 iunctum
394 1154 482 1179 cum
510 1141 598 1179 aliis
628 1140 841 1179 ordinibus.

298 1212 477 1247 Trimetri
514 1212 730 1247 catalectici
768 1210 987 1260 exemplum
1023 1213 1083 1249 est
1119 1209 1191 1260 frg.
1222 1212 1290 1257 82,
1338 1210 1370 1248 si
1407 1210 1563 1260 quidem

191 1278 391 1327 integrum
421 1281 496 1325 est,
527 1290 573 1316 ex
601 1277 770 1326 dipodiis
795 1278 978 1327 gravibus
998 1279 1270 1328 compositum,
1291 1278 1421 1316 soluta
1438 1279 1565 1328 prima

186 1345 286 1392 arsi,
316 1358 432 1395 quem
461 1358 613 1383 versum
642 1345 910 1395 Hephaestion
929 1346 1164 1384 Archilocho
1182 1345 1323 1384 tribuit
1336 1346 1366 1397 2)
1393 1347 1563 1395 itemque

196 1414 473 1461 Terentianus,
502 1413 711 1451 iambicum
740 1413 971 1462 acephalum
1000 1414 1212 1464 appellans.
1225 1414 1256 1465 3)

301 1488 337 1523 T
334 1496 571 1523 etrametrum
609 1489 858 1523 acatalectum
895 1487 1048 1525 invenio
1084 1486 1156 1535 frg.
1197 1489 1263 1534 68,
1305 1489 1562 1524 catalecticum

191 1553 264 1604 frg.
295 1557 364 1601 233
395 1557 465 1601 693
495 1557 556 1594 70.
587 1554 764 1604 Utroque
783 1567 898 1592 versu
919 1554 1174 1592 Archilochus
1193 1567 1287 1593 usus
1308 1556 1429 1605 estst)
1450 1567 1564 1604 quem

192 1626 349 1662 secutus
377 1622 543 1661 Alcman
571 1622 766 1661 diaeresin
793 1625 885 1673 post
913 1622 1079 1663 alteram
1114 1622 1330 1673 dipodiam,
1368 1635 1446 1672 qua
1473 1635 1564 1673 poe-

192 1695 257 1730 tae
285 1691 398 1742 lyrici
424 1692 661 1742 posteriores
689 1691 1005 1744 abstinebant,5)
1027 1704 1180 1742 semper
1199 1692 1413 1742 usurpavit.

298 1768 413 1803 Basis
447 1777 547 1814 quae
585 1768 748 1804 vocatur
784 1765 986 1803 trochaica
1021 1778 1122 1815 pura
1160 1764 1358 1803 invenitur
1391 1764 1464 1814 frg.
1503 1767 1563 1814 66,

190 1836 235 1881 2;
265 1836 334 1881 90;
364 1836 433 1881 96;
461 1833 657 1883 spondeus
685 1833 757 1883 frg.
786 1836 847 1881 37,
877 1837 918 1881 33
949 1836 1009 1881 60,
1043 1837 1059 1871 1
1092 1837 1131 1872 et
1160 1837 1181 1871 3
1212 1837 1251 1871 et
1280 1836 1321 1880 63
1351 1833 1452 1871 aliae
1481 1834 1564 1872 eius

193 1901 342 1940 formae
369 1901 410 1939 in
437 1900 666 1951 fragmentis
695 1902 859 1939 servatis
886 1914 964 1939 non
993 1905 1213 1939 occurrunt.

314 2105 339 2144 ¹)
362 2103 436 2135 Non
459 2105 546 2134 recte
567 2102 609 2134 ad
632 2101 718 2133 hunc
742 2096 869 2132 versum
892 2101 970 2132 Ber
978 2100 1096 2141 gkius
1119 2100 1302 2140 adnotavit,
1331 2109 1402 2133 esse
1423 2109 1496 2132 eum
1518 2100 1564 2132 lo-

188 2155 393 2196 gaoefflcum,
425 2154 550 2186 addens
579 2154 753 2186 admissum
784 2162 855 2184 esse
878 2153 919 2184 ab
942 2153 1099 2184 Alcmane
1130 2153 1163 2183 in
1194 2152 1245 2183 his
1267 2152 1412 2183 versibus
1432 2153 1564 2192 ,longam

187 2207 361 2249 syllabam,
392 2206 447 2238 ubi
476 2206 585 2238 brevis
612 2206 806 2247 requiratur.
849 2205 933 2237 Nam
968 2214 1049 2245 quae
1076 2204 1185 2236 attulit
1212 2204 1358 2245 exempla
1379 2204 1509 2235 minime
1530 2203 1563 2235 id

187 2259 336 2301 probant,
361 2268 496 2299 quorum
518 2259 655 2291 alterum
678 2261 710 2290 et
731 2258 862 2289 tertium
883 2260 1034 2289 constant
1057 2268 1074 2288 e
1096 2266 1193 2288 versu
1215 2249 1439 2296 Pherecrateo,
1463 2264 1561 2296 quem

188 2311 335 2352 sequitur
357 2310 488 2351 dipodia
509 2310 689 2350 trochaica;
713 2309 752 2341 de
774 2309 877 2350 primo
900 2308 985 2341 infra
1007 2308 1160 2340 dicemus.

315 2382 343 2416 ²)
366 2389 398 2421 p.
420 2380 461 2412 34
484 2378 533 2412 ed.
557 2378 763 2411 Gaisford.

314 2449 339 2490 ³)
363 2448 403 2480 de
427 2448 538 2479 metris
562 2458 593 2489 p.
615 2448 698 2479 2427
722 2447 771 2479 ed.
793 2447 960 2479 Putsch.

315 2518 341 2558 ¹³)
365 2517 468 2549 Plut.
492 2516 532 2548 de
554 2525 633 2548 mus.
658 2526 683 2548 c.
707 2515 756 2547 28.
779 2526 811 2557 p.
833 2515 884 2547 20.

315 2587 339 2625 ⁵)
362 2585 420 2617 cfr.
444 2584 631 2625 Boeckh,
655 2584 694 2616 de
717 2587 808 2617 metr.
832 2583 926 2616 Pind.
948 2594 979 2624 p.
1005 2584 1074 2616 116.
