1728 2976
842 129 891 166 11

187 253 293 291 idem
322 253 370 291 de
396 253 644 303 Polymnesto
675 254 760 292 loco
790 254 1007 311 Pausaniae
1033 266 1152 303 supra
1171 253 1332 292 laudato
1346 253 1376 304 ¹)
1401 253 1557 292 demon-

187 324 346 360 stratur.
375 321 513 372 Itaque
541 334 588 360 ex
617 321 790 360 Sacadac
817 324 965 369 aetate,
989 321 1055 371 qui
1082 321 1186 360 circa
1214 321 1365 371 Olymp.
1391 320 1555 359 XLVIII

187 390 379 440 floruit,²)
407 403 588 440 perverse
616 391 737 429 ceteri
766 403 920 440 quoque
950 390 1076 429 eidem
1109 390 1233 429 aetati
1268 389 1555 428 adscribuntur.

188 457 260 496 His
287 458 328 496 in
355 458 579 496 universum
601 458 831 508 disputatis,
862 458 1110 508 unumquod
1133 460 1277 505 restat,
1302 460 1346 495 ut
1370 457 1556 495 Thaletae

189 513 359 566 aetatem
388 540 435 566 ex
463 527 510 565 iis
539 540 639 577 quae
668 526 839 566 Glaucus
868 526 1032 566 tradidit
1059 527 1215 566 indiciis
1237 526 1472 566 constituere
1495 538 1557 564 co-

189 608 325 633 nemur
352 608 512 645 eamque
535 595 741 646 probemus
763 596 936 646 opinioni
957 600 1114 634 nostrae
1139 596 1186 634 de
1207 594 1447 645 temporibus
1469 595 1557 632 Alc-

188 664 314 702 manis
334 676 412 703 non
433 677 669 714 repugnare,
690 663 847 703 difficile
869 677 947 703 non
962 666 1034 704 est.
1062 664 1146 703 Hoc
1161 664 1263 703 enim
1278 664 1401 702 solum
1416 666 1553 713 aperte

189 733 302 779 dicit,
324 732 527 770 Thaletam
547 736 637 782 post
658 732 934 771 Archilochum
955 735 1091 771 natum
1116 745 1210 771 esse.
1224 732 1253 782 3)
1285 732 1411 778 Quum
1436 732 1556 780 igitur

193 799 465 838 Archilochum
493 800 571 837 iam
599 800 648 838 ab
678 800 831 850 Olymp.
858 800 930 837 XV
949 799 1126 838 floruisse
1154 801 1250 838 satis
1277 803 1425 837 certum
1446 798 1553 849 sit,4)

191 868 329 907 Glauci
349 867 475 906 verbis
500 868 604 906 omni
624 881 671 907 ex
693 871 805 918 parte
826 867 1057 915 satisfaciet,
1083 868 1149 917 qui
1173 867 1375 906 Thaletam
1399 867 1556 906 circite-r

189 936 324 986 viginti
361 939 450 986 post
489 937 600 975 annis
635 936 725 975 inde
763 935 812 975 ab
851 936 1003 986 Olymp.
1038 936 1110 975 XX
1146 936 1322 975 floruisse
1359 936 1555 975 statuerit.

189 1005 409 1043 Adventum
438 1005 519 1043 eius
553 1005 593 1042 in
626 1004 935 1055 Peloponnesum
968 1008 1086 1054 atque
1123 1005 1438 1043 constitutionem
1474 1017 1557 1042 mu-

189 1074 326 1121 sicam,
356 1076 545 1122 quantum
573 1072 622 1111 ab
652 1086 696 1111 eo
724 1072 830 1111 facta
859 1076 935 1120 est,
969 1075 1015 1110 ut
1042 1073 1146 1111 circa
1175 1073 1325 1123 Olymp.
1355 1073 1461 1111 XXV
1489 1086 1557 1123 po-

186 1154 336 1188 namus,
366 1153 412 1178 ca
439 1141 628 1190 imprimis
657 1153 775 1178 causa
809 1153 1113 1188 commovemur,
1152 1141 1256 1189 quod
1291 1142 1331 1178 in
1366 1140 1555 1179 Chronico

186 1209 344 1249 Eusebii
359 1209 556 1248 institutio
570 1208 958 1259 gymnopaediorum,
981 1222 1081 1258 quae
1100 1210 1285 1248 catastasi
1308 1209 1398 1248 huic
1421 1222 1444 1247 a,
1467 1208 1555 1247 Plu-

184 1278 322 1316 tarcho
341 1270 585 1326 adiungitur,
600 1278 630 1329 ⁵)
659 1278 710 1316 ad
733 1277 834 1315 idem
856 1277 936 1316 fere
959 1281 1132 1327 tempus,
1160 1278 1210 1315 ad
1234 1278 1386 1327 Olymp.
1409 1276 1556 1314 XXVII

187 1346 387 1396 adscripta
419 1345 537 1397 est.⁶)
573 1345 759 1384 Thaletae
789 1349 983 1396 superstes
1012 1349 1096 1384 erat
1123 1345 1409 1396 Polymnestus,
1439 1358 1557 1396 quum

186 1415 506 1452 Lacedaemoniis
535 1427 623 1452 eum
651 1427 806 1452 carmen
833 1416 874 1452 in
904 1415 1106 1452 Thaletam
1134 1414 1270 1452 fecisse
1304 1428 1328 1452 a
1360 1415 1555 1452 Pausania

187 1482 377 1520 traditum
413 1483 527 1533 sit37)
562 1483 670 1521 aliud
704 1496 751 1521 ex
782 1483 856 1521 hoc
889 1483 1107 1521 Pausaniae
1141 1483 1225 1522 loco
1262 1483 1393 1532 colligi
1426 1485 1557 1532 potest

186 1550 294 1589 nihil.
335 1550 474 1599 Itaque
519 1552 721 1600 quominus
764 1563 851 1588 eum
893 1551 1096 1600 aequalem
1133 1551 1319 1588 Thaletae
1357 1551 1554 1589 nonnullis

187 1618 298 1656 annis
325 1618 513 1657 minorem
544 1619 647 1657 circa
677 1618 828 1669 Olymp,
864 1618 1011 1657 XXVII
1046 1617 1164 1657 fuisse
1198 1618 1388 1667 dicamus,
1426 1620 1555 1657 nescio

186 1686 281 1734 quid
299 1686 500 1735 impediat.
537 1687 721 1736 Aequalis
746 1691 877 1725 autem
897 1687 1134 1736 Polymnesti
1157 1687 1319 1724 Alcman
1341 1687 1426 1727 fuit.
1456 1687 1556 1725 Nam

186 1753 291 1802 quod
313 1754 475 1793 Alcman
498 1755 537 1792 in
562 1754 797 1792 carminibus
830 1755 1067 1804 Polymnesti
1096 1755 1329 1792 mentionem
1356 1754 1554 1806 feeerit,8)

189 1835 235 1860 ex
263 1836 307 1861 eo
335 1823 431 1860 nihil
461 1823 636 1872 sequitur
664 1824 738 1861 nisi
765 1826 810 1861 ut
832 1823 1100 1872 Polymnestus
1121 1837 1196 1861 non
1218 1826 1307 1872 post
1330 1824 1555 1862 Alcmanem

317 1992 339 2032 ¹)
362 1991 418 2024 cfr.
441 2002 472 2032 p.
495 1991 525 2023 8.
548 1994 612 2022 not.
636 1991 665 2023 4.

315 2051 340 2083 ²)
365 2049 423 2082 cfr.
445 2060 479 2090 p.
499 2050 528 2082 9.
551 2052 616 2080 not.
639 2048 669 2080 4.

313 2106 338 2147 a)
360 2107 464 2138 Plut.
488 2106 527 2137 de
550 2116 628 2137 mus,
653 2115 677 2138 c.
704 2107 750 2136 10.
774 2116 805 2145 p.
828 2106 864 2144 8,
897 2105 954 2136 21:
1000 2105 1148 2144 Γλαῦκος
1174 2107 1235 2153 γὰρ
1263 2105 1331 2153 μετ’
1356 2105 1555 2155 Ἀρχίλοχον

189 2158 325 2206 φάσκων
352 2159 551 2206 γεγενῆσθαι
578 2158 740 2204 Θαλήταν.

312 2221 336 2259 ⁴)
360 2221 417 2253 cfr.
441 2221 608 2259 Liebel,
630 2220 844 2251 Archilochus
867 2231 897 2261 p.
921 2223 950 2252 5.
974 2230 1022 2261 sq.

312 2275 339 2310 ⁵)
364 2273 419 2304 cfr.
442 2283 473 2314 p.
500 2274 546 2304 10.

312 2326 337 2368 ὓ)
359 2337 390 2368 p.
411 2325 462 2359 86.
485 2326 535 2359 ed.
558 2325 661 2359 Scho
674 2334 756 2358 ene.
779 2344 818 2348 —
841 2325 899 2358 cfr.
912 2336 994 2367 quae
1008 2326 1213 2359 Hermannus
1235 2327 1275 2359 de
1295 2331 1440 2370 tempore
1458 2329 1548 2361 insti-

185 2378 319 2410 tutionis
342 2379 670 2420 Gymnopaediorum,
695 2388 841 2420 quaeque
864 2379 1019 2413 Thaletas
1041 2381 1226 2421 novaverit,
1250 2384 1343 2413 acute
1367 2385 1399 2413 et
1420 2382 1556 2423 diligen-

185 2434 235 2462 ter
257 2432 449 2472 conscripsit
471 2432 631 2473 Antiquit.
655 2431 776 2465 Lacon.
798 2442 829 2473 p.
852 2432 891 2463 87
915 2441 963 2474 sq.

315 2485 337 2523 ⁷)
359 2484 384 2517 Ι.
408 2484 456 2525 14,
479 2486 509 2517 3.

312 2537 336 2578 ⁸³)
359 2536 416 2570 cfr,
439 2537 538 2569 Plut.
565 2537 606 2570 de
627 2547 708 2570 mus.
731 2547 758 2570 c.
788 2537 819 2570 5.
846 2548 877 2579 p.
905 2539 941 2579 5,
971 2539 1029 2571 24:
1073 2540 1131 2574 τοῦ
1166 2540 1202 2575 δὲ
1235 2539 1476 2586 Πολυμνήστου
1502 2540 1556 2575 καὶ

187 2588 349 2637 Πίνδαρος
374 2590 428 2625 καὶ
451 2588 599 2638 Ἀλκμὰν
628 2592 658 2626 οἱ
682 2594 748 2627 τῶν
779 2594 888 2638 μελῶν
914 2592 1048 2638 ποιητὰὶ
1074 2592 1337 2638 ἐμνημόνευσαν.
