1728 2976
842 163 889 197 26

282 284 428 333 Metra,
459 284 600 335 quibus
619 285 845 324 Alcmanem
875 286 914 324 in
943 285 1219 336 systematibus
1247 299 1359 325 usum
1389 300 1472 326 esse
1501 299 1549 326 ex

177 353 407 403 fragmentis
435 357 618 404 apparet,
648 357 739 393 sunt
765 354 983 402 trochaica,
1010 349 1199 403 iambica,
1219 354 1427 406 dactylica.
1458 355 1550 402 Qui-

176 421 249 460 bus
267 422 403 461 metris
429 435 549 472 quum
569 422 827 462 Archilochus
851 422 949 462 κατὰ
976 422 1107 473 στίχον
1131 436 1224 463 usus
1245 424 1313 472 sit,
1342 424 1422 463 sine
1442 427 1549 463 certa

178 489 428 540 stropharum
457 490 645 529 divisione
674 494 713 529 et
748 490 1027 541 descriptione,
1065 491 1230 530 Alcman
1266 493 1345 531 sive
1382 492 1549 531 catalexi

177 558 257 596 sive
285 571 439 597 versum
466 558 683 598 breviorem
712 559 762 597 ad
796 559 933 608 longos
965 557 1063 598 κατὰ
1098 558 1228 609 στίχον
1262 560 1449 611 repetitos
1481 560 1549 599 ad-

178 626 291 673 dens,
315 625 440 664 finem*
459 630 498 664 et
525 627 672 664 exitum
701 627 891 676 strophae
920 628 1068 676 primus
1095 629 1255 666 metrice
1284 628 1464 666 distinxit
1490 631 1550 666 at-

179 707 255 744 que
283 695 445 732 notavit.
484 694 591 740 Quae
619 697 833 744 systemata
861 695 1058 733 Alcmanis
1086 695 1327 745 temporibus
1353 698 1439 734 arte
1466 708 1550 734 mu-

176 763 257 801 sica
288 763 396 813 poesi
429 762 575 813 lyricae
612 762 799 802 adiuncta
831 764 910 802 iam
950 764 1105 802 exculta
1139 763 1260 802 fuisse
1292 762 1549 814 probabiliter

176 831 296 872 dicas.
325 831 531 882 Dactylica
559 831 716 881 quidem
746 831 806 884 (τό
834 830 932 871 κατὰ
959 829 1143 870 δάκτυλον
1170 826 1291 884 εἶδος)
1321 845 1368 871 ex
1394 831 1549 882 Olympi

176 899 339 950 Phrygis
367 902 454 938 arte
483 899 653 939 auletica
681 901 850 950 repetita
886 913 988 948 esse,
1025 900 1204 940 concludi
1232 904 1365 951 potest
1388 914 1434 939 ex
1461 901 1547 939 loco

175 967 394 1016 Plutarchi,
409 969 439 1020 1)
469 981 547 1018 quo
577 968 857 1016 Stesichorum,
890 969 957 1018 qui
977 969 1202 1019 frequenter
1220 969 1316 1008 haec
1335 971 1548 1019 systemata

175 1038 394 1086 usurpavit,
430 1036 521 1075 inde
559 1049 605 1075 ea
643 1037 870 1086 repetivisse
904 1040 1051 1075 narrat.
1091 1037 1231 1087 Itaque
1266 1050 1386 1087 quum
1414 1037 1549 1076 Archi-

176 1104 311 1143 lochus
339 1105 386 1143 iis
421 1105 594 1144 nondum
632 1118 725 1143 usus
764 1105 873 1157 sit,2)
912 1105 994 1144 sine
1032 1105 1166 1154 dubio,
1205 1108 1250 1144 ut
1286 1105 1547 1153 Stesichorus,

175 1174 230 1212 sic
258 1174 423 1212 Alcman
458 1187 629 1224 quoque,
666 1174 728 1212 cui
761 1187 826 1212 ars
859 1168 1009 1212 musica
1041 1174 1238 1225 Phrygum
1274 1175 1419 1224 optime
1453 1177 1548 1213 nota

175 1243 321 1293 erat,³)
351 1242 441 1281 inde
470 1255 516 1280 ea
544 1242 618 1280 sibi
646 1243 686 1280 in
714 1255 827 1280 usum
855 1242 984 1280 vertit.
996 1241 1028 1294 4)

286 1313 486 1349 Trochaici
513 1315 680 1360 rhythmi
708 1314 878 1361 systema
907 1323 1111 1349 occurrere
1137 1310 1291 1350 videtur
1317 1311 1388 1360 frg.
1413 1313 1476 1359 18,
1502 1324 1548 1349 ex

175 1379 385 1418 Parthenio
413 1380 453 1417 in
482 1380 628 1418 Heram
656 1379 842 1429 petitum,
873 1380 982 1417 cuius
1010 1382 1179 1417 metrum
1207 1384 1267 1417 est
1295 1383 1450 1417 dimeter
1473 1390 1548 1417 tro-

174 1451 324 1485 chaicus
352 1448 518 1496 acatal.,
555 1461 670 1498 quem
705 1447 765 1485 bis
802 1447 1016 1497 repetitum
1052 1448 1229 1497 sequitur
1262 1447 1434 1497 tripodia
1468 1450 1548 1486 tro-

176 1516 331 1564 chaica3
362 1530 445 1555 esse
473 1516 575 1556 hanc
604 1515 820 1554 clausulam
849 1515 1050 1565 strophae,
1088 1515 1226 1554 ultima
1254 1515 1405 1566 syllaba
1432 1515 1547 1565 longa

176 1585 372 1637 (ancipiti)

686 1673 748 1680 —
759 1665 788 1687 o
800 1674 856 1679 —
867 1664 899 1688 υ
910 1672 969 1678 —-
986 1641 1051 1677 -υ-

173 1721 385 1761 indicatur.
405 1746 458 1751 —
483 1725 750 1760 Tetrametrum
781 1734 934 1771 quoque
954 1720 1203 1759 trochaicum
1227 1720 1300 1759 hoc
1324 1720 1440 1760 modo
1461 1733 1546 1759 eum

174 1790 420 1839 adhibuisse,
450 1794 556 1830 certo
586 1790 775 1829 affirmari
804 1791 958 1839 nequit,
988 1789 1056 1828 sed
1085 1789 1275 1828 coniicere
1294 1789 1386 1827 licet
1408 1802 1454 1827 ex
1472 1789 1545 1838 frg.

175 1862 242 1907 23;
275 1862 343 1907 683
375 1862 441 1908 69;
472 1863 532 1900 70.

279 1932 505 1976 Srstemalis
542 1931 696 1966 iambici
732 1928 951 1977 exemplum
986 1927 1140 1965 Videtur
1174 1939 1256 1964 esse
1292 1926 1362 1975 frg.
1401 1929 1468 1973 74,
1506 1926 1545 1964 in

173 2011 250 2047 quo
286 1997 509 2036 trimetrum
549 1997 666 2036 iamb.
707 1996 978 2036 catalecticum
990 1994 1021 2048 ⁵)
1061 1998 1122 2034 ter
1162 1994 1332 2045 positum
1370 1994 1545 2044 sequitur

173 2064 358 2103 claudens
386 2068 558 2114 systema
586 2065 751 2103 dimeter
780 2064 1053 2110 catalecticus;
1083 2062 1151 2101 sed
1169 2063 1210 2100 in
1229 2062 1302 2101 hoc
1322 2061 1541 2111 fragmento

173 2133 351 2172 ordinum
380 2133 624 2183 singulorum
652 2132 843 2183 syllabam
873 2131 1049 2170 ultimam
1075 2130 1234 2169 admisit
1262 2130 1429 2180 longam.
1442 2129 1473 2182 ⁶)
1492 2152 1544 2158 —

287 2310 305 2347 ¹)
329 2308 369 2340 de
391 2318 472 2340 musu
496 2318 522 2340 c,
546 2311 574 2340 7.
597 2319 629 2349 p.
653 2308 680 2346 7,
703 2309 722 2338 8

278 2372 302 2412 ²)
325 2371 430 2403 Plut.
452 2371 492 2403 de
514 2380 594 2403 mus.
617 2381 633 2403 c
666 2371 693 2402 7.
717 2381 747 2411 p.
771 2370 800 2410 7,
822 2374 849 2402 9.

279 2436 302 2474 ³)
326 2434 381 2466 cfr.
407 2435 468 2475 frg.
491 2435 532 2466 82
554 2439 586 2466 et
612 2435 679 2466 112.

277 2499 301 2540 ⁴)
324 2498 381 2530 cfr.
406 2497 610 2530 Rossbach
633 2501 665 2529 et
688 2497 911 2538 Westphal,
936 2496 1055 2528 Metrik
1078 2497 1132 2527 ΙΙΙ.
1156 2507 1186 2537 p.
1211 2496 1261 2528 38.

276 2564 301 2601 ³)
327 2562 366 2593 de
390 2571 453 2602 quo
477 2562 535 2593 cfr.
560 2571 659 2602 supra
680 2572 711 2603 p.
736 2563 782 2594 17.
1022 2545 1026 2550 ι

278 2625 301 2666 ⁶)
325 2625 384 2658 cfr.
407 2625 541 2665 Munk,
564 2625 686 2657 Metrik
708 2637 740 2667 p.
767 2626 833 2657 195.
