1728 2976
840 114 888 150 42

176 233 402 291 χορηγός,1)
431 236 538 288 quod
565 237 616 277 ad
649 252 683 277 v.
717 240 762 277 10
798 237 1040 288 adscriptum
1074 240 1152 286 est,
1190 235 1391 288 probatur.
1429 234 1475 274 V.
1509 237 1553 275 15

176 306 277 344 alius
305 319 495 355 personae
531 309 609 353 est,
645 306 812 345 fortasse
841 307 1003 355 virginis
1032 309 1149 344 antea
1177 304 1415 351 celebratae,
1456 318 1555 354 quae

176 374 318 413 nimias
346 373 486 413 laudes
513 378 654 425 poetae
688 375 940 425 interrumpit
974 378 1013 413 et
1047 373 1224 413 versibus
1262 375 1427 411 16—25
1457 374 1556 424 Age-

177 442 354 480 sichorae
382 442 717 491 pulchritudinem
745 444 960 492 praedicat.
998 443 1145 481 Versus
1174 442 1385 493 26—29,2)
1416 442 1555 491 quibus

177 509 279 548 duae
299 510 470 559 virgines
500 514 617 549 antea
645 512 871 549 nominatae
899 510 1014 549 simul
1041 509 1254 548 laudantur
1283 512 1323 548 et
1350 511 1458 548 astro
1485 522 1555 559 per

176 581 333 616 noctem
362 578 512 627 fulgido
543 583 838 628 comparantur,
875 592 898 617 a
936 583 1020 617 toto
1058 578 1174 617 choro
1212 578 1337 616 dictos
1373 590 1474 625 esse,
1509 590 1556 616 ex

176 658 339 684 numero
367 646 512 696 plurali
541 645 635 695 ἁμῖν
661 646 710 697 (v,
733 646 799 700 26)
821 650 860 686 et
880 643 1098 694 εἰκάζουσιν
1117 645 1173 699 (in
1194 645 1340 684 scholio
1361 645 1496 684 addito
1515 645 1556 683 in

176 715 251 754 fine
273 715 476 754 columnae
497 715 565 768 ΙΙ.)
588 717 900 755 concludendum
920 720 990 755 est.
1017 717 1074 755 De
1094 715 1348 765 sequentibus
1371 715 1555 765 strophis,

177 796 296 831 quum
325 783 440 821 nimis
469 784 675 822 mutilatae
712 785 809 831 sint,
843 784 941 822 nihil
977 785 1074 822 certi
1110 783 1193 821 erui
1225 785 1369 832 potest.
1409 782 1484 820 Sed
1512 785 1557 819 ut

177 851 227 890 ad
254 852 498 901 propositum
528 852 706 901 redeam,
741 853 782 891 id
810 866 964 903 quoque
993 866 1039 891 ex
1065 853 1132 900 iis,
1169 864 1268 901 quae
1298 851 1344 889 de
1372 850 1445 889 hoc
1473 863 1557 889 car-

176 920 281 957 mine
310 920 411 965 dixi,
451 921 760 959 concludendum
790 925 865 968 est,
902 922 1128 959 Alcmanem
1161 920 1260 957 mori
1295 919 1556 957 Lacedaemo-

177 989 353 1037 niorum,
390 989 520 1027 omnia
549 990 702 1028 cantica
729 1003 800 1040 per
828 989 967 1028 choros
997 1001 1128 1039 agere,
1166 988 1284 1026 etiam
1316 988 1356 1026 in
1390 988 1437 1026 iis
1473 1000 1557 1025 car-

176 1057 324 1095 minum
361 1057 560 1106 partibus,
598 1058 739 1106 quibus
773 1061 1002 1107 argumento
1041 1061 1079 1096 et
1114 1057 1315 1096 sententiis
1350 1056 1557 1095 Lesbiaco-

177 1138 265 1162 rum
295 1127 501 1174 poetarum
530 1126 640 1175 poesi
667 1127 911 1176 propinquus
941 1129 1020 1174 est,
1050 1125 1268 1163 indulsisse.

281 1192 431 1230 Eadem
467 1197 611 1231 natura
645 1194 841 1232 Laconica
876 1193 1147 1232 occasionibus
1184 1193 1399 1232 carminum
1429 1195 1468 1230 et
1495 1205 1556 1230 ar—

178 1264 362 1310 gumento
383 1261 675 1311 comprobatur.
703 1263 758 1301 Ut
779 1264 903 1301 omnis
923 1263 1026 1301 vitae
1046 1263 1148 1300 ratio
1169 1264 1209 1300 et
1235 1261 1432 1299 institutio
1453 1260 1556 1310 apud

177 1332 314 1378 gentes
351 1328 515 1367 Doricas
554 1332 593 1368 et
630 1330 820 1380 imprimis
859 1330 964 1380 apud
1005 1330 1220 1380 Spartanos
1258 1330 1298 1366 in
1332 1327 1488 1379 publico
1518 1332 1556 1366 et

177 1397 261 1435 foro
290 1396 539 1445 versabatur,
571 1411 687 1447 quum
717 1398 799 1437 vita
826 1399 982 1448 privata
1011 1401 1051 1436 et
1078 1398 1292 1437 domestica
1319 1410 1389 1447 pro
1410 1397 1557 1436 viribus

179 1465 484 1514 opprimeretur,
514 1466 570 1504 ita
598 1467 706 1516 poesi
734 1467 897 1516 lyricae,
926 1466 967 1504 id
993 1466 1096 1515 quod
1119 1467 1197 1504 iam
1217 1469 1430 1515 apparatus
1451 1465 1557 1503 chori

177 1532 425 1582 postulabat,
456 1547 479 1571 a
506 1533 623 1572 rebus
652 1537 692 1572 et
719 1534 836 1572 factis
864 1533 1049 1583 publicis,
1086 1547 1186 1583 quae
1220 1533 1269 1572 ad
1305 1546 1438 1572 omnes
1473 1545 1555 1582 per-

177 1600 376 1648 tinebant,
413 1605 646 1650 argumenta
676 1605 789 1640 erant
816 1601 1083 1653 repetenda.³)
1120 1602 1239 1640 Sacra
1268 1601 1446 1648 deorum,
1477 1613 1558 1639 cer-

177 1669 328 1707 tamina
363 1669 546 1707 iuvenum
583 1671 873 1720 virginumque,
910 1670 1067 1720 epulae,
1104 1670 1331 1719 nuptiarum
1368 1670 1557 1708 solemnia

181 1737 421 1777 carminibus
449 1743 656 1789 poetarum
687 1738 1008 1787 celebrabantur;
1038 1739 1117 1778 alia
1144 1739 1272 1789 poesis
1299 1739 1436 1789 lyrica,
1458 1751 1556 1788 quae

178 1820 241 1844 res
269 1808 446 1856 privatas
476 1810 516 1845 et
545 1807 779 1846 domesticas
807 1808 1073 1857 praedicaret,
1105 1808 1271 1857 Spartae
1299 1820 1376 1846 non
1406 1806 1557 1845 coleba-

177 1878 255 1913 tur.
296 1875 422 1922 Quam
464 1875 512 1914 ob
550 1889 633 1915 rem
669 1876 868 1915 Alcmanis
905 1889 1059 1926 quoque
1097 1875 1330 1928 carmina,4)
1367 1878 1557 1925 quantum

179 1955 313 1980 eorum
341 1945 445 1982 ratio
475 1947 513 1982 et
541 1948 685 1982 natura
714 1957 761 1982 ex
788 1945 1017 1993 fragmentis
1048 1945 1228 1993 cognosci
1255 1947 1407 1993 potest,
1442 1957 1465 1981 a
1497 1956 1558 1981 re-

178 2010 251 2049 bus
279 2011 447 2061 publicis
474 2012 676 2051 exordium
698 2013 870 2063 capiunt.
901 2012 1046 2062 Magna
1065 2025 1156 2062 pars
1177 2012 1308 2062 generi
1325 2011 1557 2062 hymnorum

177 2080 387 2118 tribuenda
424 2084 499 2129 est,
536 2093 702 2130 quorum
738 2081 906 2119 maxime
946 2080 1132 2119 celebrati
1167 2081 1225 2119 illi
1257 2082 1297 2120 in
1324 2082 1455 2121 Iovem
1483 2080 1557 2130 Ly-

290 2219 312 2259 ¹)
336 2218 376 2250 de
399 2218 557 2250 vocabulo
580 2218 727 2266 χορηγός
763 2218 821 2249 cfr.
845 2217 966 2250 Athen.
989 2219 1074 2250 XIV.
1099 2219 1160 2251 633
1170 2220 1210 2251 A.

284 2282 310 2318 ²)
334 2290 400 2312 non
423 2284 459 2312 ut
480 2281 691 2322 Bergkius
714 2281 756 2313 ad
779 2281 865 2312 hunc
888 2281 992 2312 locum
1008 2280 1164 2320 affirmat,
1179 2282 1248 2313 VV.
1266 2282 1406 2320 22—29,
1423 2282 1455 2313 id
1472 2282 1557 2323 quod

178 2333 423 2365 demonstratur
452 2333 589 2373 lineola,
619 2343 701 2374 quae
732 2335 765 2365 in
797 2334 1016 2374 manuscripto
1038 2334 1124 2365 inter
1145 2335 1215 2367 VV.
1236 2335 1276 2366 25
1298 2338 1330 2367 et
1352 2335 1392 2366 26
1413 2336 1557 2376 interpo-

182 2385 244 2417 sita
267 2388 327 2417 est.

289 2448 311 2488 ³)
336 2448 394 2480 cfr.
417 2448 613 2488 Mueller,
635 2449 740 2480 Dorer
763 2449 803 2481 ΙΙ.
826 2459 857 2489 Ρ,
882 2448 952 2480 363.
986 2449 1123 2481 Ulrici
1144 2450 1185 2482 ΙΙ.
1206 2460 1237 2490 p.
1262 2451 1312 2482 68.

284 2511 309 2552 ⁴)
333 2511 396 2542 Sex
418 2511 518 2544 libros
543 2512 632 2545 Suid.
656 2522 678 2543 S.
702 2523 732 2544 v.
757 2515 999 2553 commemorat;
1031 2512 1070 2543 de
1095 2521 1148 2552 eo,
1173 2513 1257 2553 quod
1280 2512 1389 2545 addit:
1411 2513 1466 2548 καὶ
1491 2512 1555 2548 Ko-

178 2563 362 2609 λυμβώσας
385 2564 442 2597 cfr.
464 2565 633 2605 Meineke,
659 2566 846 2606 Fragment.
870 2565 1018 2597 cornicor.
1042 2564 1192 2597 Graecor.
1214 2565 1238 2597 Ι.
1264 2576 1294 2607 p.
1319 2566 1388 2597 101.
