<?xml version="1.0" encoding="UTF-8"?>
<!DOCTYPE html PUBLIC "-//W3C//DTD XHTML 1.0 Transitional//EN"
    "http://www.w3.org/TR/xhtml1/DTD/xhtml1-transitional.dtd">
<html xmlns="http://www.w3.org/1999/xhtml" xml:lang="en" lang="en">
 <head>
  <title>
</title>
<meta http-equiv="Content-Type" content="text/html;charset=utf-8" />
  <meta name='ocr-system' content='tesseract 3.04.00' />
  <meta name='ocr-capabilities' content='ocr_page ocr_carea ocr_par ocr_line ocrx_word'/>
</head>
<body>
  <div class='ocr_page' id='page_1' title='image "4738079_0052.png"; bbox 0 0 1728 2976; ppageno 0'>
   <div class='ocr_carea' id='block_1_1' title="bbox 838 104 885 139">
    <p class='ocr_par' dir='ltr' id='par_1_1' title="bbox 838 104 885 139">
     <span class='ocr_line' id='line_1_1' title="bbox 838 104 885 139; baseline 0 0"><span class='ocrx_word' id='word_1_1' title='bbox 838 104 885 139; x_wconf 88' lang='lat'>39</span> 
     </span>
    </p>
   </div>
   <div class='ocr_carea' id='block_1_2' title="bbox 741 156 988 162">
    <p class='ocr_par' dir='ltr' id='par_1_2' title="bbox 741 156 988 162">
     <span class='ocr_line' id='line_1_2' title="bbox 741 156 988 162; baseline 0 0"><span class='ocrx_word' id='word_1_2' title='bbox 741 156 988 162; x_wconf 95' lang='lat' dir='ltr'> </span> 
     </span>
    </p>
   </div>
   <div class='ocr_carea' id='block_1_3' title="bbox 173 227 1549 1847">
    <p class='ocr_par' dir='ltr' id='par_1_3' title="bbox 173 227 1549 1558">
     <span class='ocr_line' id='line_1_3' title="bbox 179 227 1549 277; baseline -0.002 -9"><span class='ocrx_word' id='word_1_3' title='bbox 179 229 370 269; x_wconf 89' lang='lat' dir='ltr'>stimoniis</span> <span class='ocrx_word' id='word_1_4' title='bbox 398 231 592 276; x_wconf 80' lang='lat' dir='ltr'>veterum,</span> <span class='ocrx_word' id='word_1_5' title='bbox 632 241 679 266; x_wconf 82' lang='lat' dir='ltr'>ex</span> <span class='ocrx_word' id='word_1_6' title='bbox 712 227 837 266; x_wconf 88' lang='lat' dir='ltr'>tribus</span> <span class='ocrx_word' id='word_1_7' title='bbox 867 228 1045 267; x_wconf 77' lang='lat' dir='ltr'>dialectis</span> <span class='ocrx_word' id='word_1_8' title='bbox 1073 227 1177 277; x_wconf 88' lang='lat' dir='ltr'>apud</span> <span class='ocrx_word' id='word_1_9' title='bbox 1205 240 1293 266; x_wconf 89' lang='lat' dir='ltr'>eum</span> <span class='ocrx_word' id='word_1_10' title='bbox 1321 227 1465 266; x_wconf 83' lang='lat' dir='ltr'>formas</span> <span class='ocrx_word' id='word_1_11' title='bbox 1493 228 1549 265; x_wconf 88' lang='lat' dir='ltr'>in-</span> 
     </span>
     <span class='ocr_line' id='line_1_4' title="bbox 178 296 1547 349; baseline -0.002 -12"><span class='ocrx_word' id='word_1_12' title='bbox 178 298 322 337; x_wconf 85' lang='lat' dir='ltr'>veniri:</span> <span class='ocrx_word' id='word_1_13' title='bbox 359 311 406 336; x_wconf 87' lang='lat' dir='ltr'>ex</span> <span class='ocrx_word' id='word_1_14' title='bbox 433 297 644 345; x_wconf 88' lang='lat' dir='ltr'>Laconica,</span> <span class='ocrx_word' id='word_1_15' title='bbox 673 296 853 345; x_wconf 76' lang='lat' dir='ltr'>Aeolica,</span> <span class='ocrx_word' id='word_1_16' title='bbox 883 296 1049 349; x_wconf 82' lang='lat' dir='ltr'>epica.²)</span> <span class='ocrx_word' id='word_1_17' title='bbox 1090 296 1262 343; x_wconf 85' lang='lat' dir='ltr'>Quarum</span> <span class='ocrx_word' id='word_1_18' title='bbox 1291 309 1409 346; x_wconf 90' lang='lat' dir='ltr'>quum</span> <span class='ocrx_word' id='word_1_19' title='bbox 1438 296 1547 346; x_wconf 87' lang='lat' dir='ltr'>epica</span> 
     </span>
     <span class='ocr_line' id='line_1_5' title="bbox 179 364 1548 416; baseline -0.002 -11"><span class='ocrx_word' id='word_1_20' title='bbox 179 366 283 416; x_wconf 89' lang='lat' dir='ltr'>apud</span> <span class='ocrx_word' id='word_1_21' title='bbox 310 379 442 404; x_wconf 88' lang='lat' dir='ltr'>omnes</span> <span class='ocrx_word' id='word_1_22' title='bbox 471 369 607 415; x_wconf 86' lang='lat' dir='ltr'>poetas</span> <span class='ocrx_word' id='word_1_23' title='bbox 635 365 777 415; x_wconf 83' lang='lat' dir='ltr'>lyricos</span> <span class='ocrx_word' id='word_1_24' title='bbox 801 365 1023 415; x_wconf 79' lang='lat' dir='ltr'>reperiatur</span> <span class='ocrx_word' id='word_1_25' title='bbox 1047 368 1086 403; x_wconf 90' lang='lat' dir='ltr'>et</span> <span class='ocrx_word' id='word_1_26' title='bbox 1112 377 1185 403; x_wconf 91' lang='lat' dir='ltr'>usu</span> <span class='ocrx_word' id='word_1_27' title='bbox 1204 364 1441 413; x_wconf 85' lang='lat' dir='ltr'>fabularum,</span> <span class='ocrx_word' id='word_1_28' title='bbox 1464 365 1548 414; x_wconf 90' lang='lat' dir='ltr'>qui-</span> 
     </span>
     <span class='ocr_line' id='line_1_6' title="bbox 177 432 1546 483; baseline -0.001 -11"><span class='ocrx_word' id='word_1_29' title='bbox 177 434 249 472; x_wconf 93' lang='lat' dir='ltr'>bus</span> <span class='ocrx_word' id='word_1_30' title='bbox 270 434 466 473; x_wconf 88' lang='lat' dir='ltr'>Alcmanis</span> <span class='ocrx_word' id='word_1_31' title='bbox 499 433 672 472; x_wconf 88' lang='lat' dir='ltr'>carmina</span> <span class='ocrx_word' id='word_1_32' title='bbox 693 433 909 481; x_wconf 87' lang='lat' dir='ltr'>abundant,</span> <span class='ocrx_word' id='word_1_33' title='bbox 939 433 1053 471; x_wconf 84' lang='lat' dir='ltr'>facile</span> <span class='ocrx_word' id='word_1_34' title='bbox 1082 433 1313 483; x_wconf 80' lang='lat' dir='ltr'>explicetur,</span> <span class='ocrx_word' id='word_1_35' title='bbox 1341 432 1439 470; x_wconf 88' lang='lat' dir='ltr'>nihil</span> <span class='ocrx_word' id='word_1_36' title='bbox 1467 433 1546 470; x_wconf 85' lang='lat' dir='ltr'>iam</span> 
     </span>
     <span class='ocr_line' id='line_1_7' title="bbox 177 501 1546 550; baseline -0.001 -10"><span class='ocrx_word' id='word_1_37' title='bbox 177 502 224 540; x_wconf 91' lang='lat' dir='ltr'>de</span> <span class='ocrx_word' id='word_1_38' title='bbox 243 515 289 541; x_wconf 87' lang='lat' dir='ltr'>ea</span> <span class='ocrx_word' id='word_1_39' title='bbox 310 501 517 540; x_wconf 88' lang='lat' dir='ltr'>dicendum</span> <span class='ocrx_word' id='word_1_40' title='bbox 540 504 609 539; x_wconf 90' lang='lat' dir='ltr'>est.</span> <span class='ocrx_word' id='word_1_41' title='bbox 637 501 746 547; x_wconf 80' lang='lat' dir='ltr'>Quod</span> <span class='ocrx_word' id='word_1_42' title='bbox 770 501 821 539; x_wconf 84' lang='lat' dir='ltr'>ad</span> <span class='ocrx_word' id='word_1_43' title='bbox 845 505 1012 549; x_wconf 86' lang='lat' dir='ltr'>ceteras,</span> <span class='ocrx_word' id='word_1_44' title='bbox 1041 502 1074 539; x_wconf 92' lang='lat' dir='ltr'>si</span> <span class='ocrx_word' id='word_1_45' title='bbox 1097 501 1351 550; x_wconf 83' lang='lat' dir='ltr'>quaesiveris,</span> <span class='ocrx_word' id='word_1_46' title='bbox 1378 514 1546 550; x_wconf 89' lang='lat' dir='ltr'>quonam</span> 
     </span>
     <span class='ocr_line' id='line_1_8' title="bbox 175 568 1547 619; baseline -0.001 -11"><span class='ocrx_word' id='word_1_47' title='bbox 175 569 291 609; x_wconf 89' lang='lat' dir='ltr'>modo</span> <span class='ocrx_word' id='word_1_48' title='bbox 321 573 361 608; x_wconf 93' lang='lat' dir='ltr'>et</span> <span class='ocrx_word' id='word_1_49' title='bbox 389 582 466 619; x_wconf 88' lang='lat' dir='ltr'>qua</span> <span class='ocrx_word' id='word_1_50' title='bbox 494 569 645 607; x_wconf 90' lang='lat' dir='ltr'>ratione</span> <span class='ocrx_word' id='word_1_51' title='bbox 673 569 776 607; x_wconf 89' lang='lat' dir='ltr'>inter</span> <span class='ocrx_word' id='word_1_52' title='bbox 805 581 845 607; x_wconf 86' lang='lat' dir='ltr'>se</span> <span class='ocrx_word' id='word_1_53' title='bbox 871 569 1028 607; x_wconf 87' lang='lat' dir='ltr'>iunctae</span> <span class='ocrx_word' id='word_1_54' title='bbox 1057 570 1152 617; x_wconf 87' lang='lat' dir='ltr'>sint,</span> <span class='ocrx_word' id='word_1_55' title='bbox 1182 568 1231 607; x_wconf 91' lang='lat' dir='ltr'>ab</span> <span class='ocrx_word' id='word_1_56' title='bbox 1259 568 1460 616; x_wconf 80' lang='lat' dir='ltr'>Ahrensio‚</span> <span class='ocrx_word' id='word_1_57' title='bbox 1490 568 1547 606; x_wconf 93' lang='lat' dir='ltr'>di-</span> 
     </span>
     <span class='ocr_line' id='line_1_9' title="bbox 175 637 1545 686; baseline 0 -11"><span class='ocrx_word' id='word_1_58' title='bbox 175 638 431 686; x_wconf 88' lang='lat' dir='ltr'>ligentissimo</span> <span class='ocrx_word' id='word_1_59' title='bbox 468 637 536 675; x_wconf 92' lang='lat' dir='ltr'>illo</span> <span class='ocrx_word' id='word_1_60' title='bbox 573 640 611 674; x_wconf 91' lang='lat' dir='ltr'>et</span> <span class='ocrx_word' id='word_1_61' title='bbox 647 638 874 675; x_wconf 88' lang='lat' dir='ltr'>acutissimo</span> <span class='ocrx_word' id='word_1_62' title='bbox 913 637 1151 675; x_wconf 88' lang='lat' dir='ltr'>Graecarum</span> <span class='ocrx_word' id='word_1_63' title='bbox 1190 637 1447 675; x_wconf 87' lang='lat' dir='ltr'>dialectorum</span> <span class='ocrx_word' id='word_1_64' title='bbox 1488 637 1545 674; x_wconf 92' lang='lat' dir='ltr'>in-</span> 
     </span>
     <span class='ocr_line' id='line_1_10' title="bbox 176 703 1545 754; baseline -0.001 -12"><span class='ocrx_word' id='word_1_65' title='bbox 176 705 431 754; x_wconf 81' lang='lat' dir='ltr'>vestigat-ore,</span> <span class='ocrx_word' id='word_1_66' title='bbox 470 704 565 742; x_wconf 89' lang='lat' dir='ltr'>satis</span> <span class='ocrx_word' id='word_1_67' title='bbox 603 703 912 742; x_wconf 88' lang='lat' dir='ltr'>demonstratum</span> <span class='ocrx_word' id='word_1_68' title='bbox 950 709 1026 751; x_wconf 84' lang='lat' dir='ltr'>est,</span> <span class='ocrx_word' id='word_1_69' title='bbox 1070 704 1296 754; x_wconf 89' lang='lat' dir='ltr'>praevalere</span> <span class='ocrx_word' id='word_1_70' title='bbox 1334 704 1545 741; x_wconf 80' lang='lat' dir='ltr'>dialectum</span> 
     </span>
     <span class='ocr_line' id='line_1_11' title="bbox 176 771 1544 822; baseline 0 -12"><span class='ocrx_word' id='word_1_71' title='bbox 176 773 428 819; x_wconf 78' lang='lat' dir='ltr'>Laconicam,</span> <span class='ocrx_word' id='word_1_72' title='bbox 462 772 698 810; x_wconf 77' lang='lat' dir='ltr'>intermixtis</span> <span class='ocrx_word' id='word_1_73' title='bbox 732 772 795 809; x_wconf 89' lang='lat' dir='ltr'>hic</span> <span class='ocrx_word' id='word_1_74' title='bbox 826 772 909 810; x_wconf 89' lang='lat' dir='ltr'>illic</span> <span class='ocrx_word' id='word_1_75' title='bbox 937 773 1070 811; x_wconf 81' lang='lat' dir='ltr'>formis</span> <span class='ocrx_word' id='word_1_76' title='bbox 1098 772 1324 822; x_wconf 82' lang='lat' dir='ltr'>Aeolicis.²)</span> <span class='ocrx_word' id='word_1_77' title='bbox 1361 771 1468 810; x_wconf 89' lang='lat' dir='ltr'>Idem</span> <span class='ocrx_word' id='word_1_78' title='bbox 1497 772 1544 810; x_wconf 91' lang='lat' dir='ltr'>de</span> 
     </span>
     <span class='ocr_line' id='line_1_12' title="bbox 176 838 1542 889; baseline 0 -12"><span class='ocrx_word' id='word_1_79' title='bbox 176 840 305 878; x_wconf 90' lang='lat' dir='ltr'>indole</span> <span class='ocrx_word' id='word_1_80' title='bbox 334 839 548 878; x_wconf 87' lang='lat' dir='ltr'>carminum</span> <span class='ocrx_word' id='word_1_81' title='bbox 575 838 849 877; x_wconf 87' lang='lat' dir='ltr'>affirmandum</span> <span class='ocrx_word' id='word_1_82' title='bbox 878 843 916 878; x_wconf 93' lang='lat' dir='ltr'>et</span> <span class='ocrx_word' id='word_1_83' title='bbox 944 839 1194 878; x_wconf 90' lang='lat' dir='ltr'>statuendum</span> <span class='ocrx_word' id='word_1_84' title='bbox 1220 843 1299 887; x_wconf 84' lang='lat' dir='ltr'>est,</span> <span class='ocrx_word' id='word_1_85' title='bbox 1326 840 1542 889; x_wconf 84' lang='lat' dir='ltr'>ingenium,</span> 
     </span>
     <span class='ocr_line' id='line_1_13' title="bbox 175 907 1544 959; baseline 0.001 -13"><span class='ocrx_word' id='word_1_86' title='bbox 175 922 322 956; x_wconf 88' lang='lat' dir='ltr'>mores,</span> <span class='ocrx_word' id='word_1_87' title='bbox 362 908 509 947; x_wconf 87' lang='lat' dir='ltr'>cultum</span> <span class='ocrx_word' id='word_1_88' title='bbox 540 907 937 947; x_wconf 84' lang='lat' dir='ltr'>Lacedaemoniorum</span> <span class='ocrx_word' id='word_1_89' title='bbox 964 909 1172 959; x_wconf 83' lang='lat' dir='ltr'>praecipue</span> <span class='ocrx_word' id='word_1_90' title='bbox 1200 909 1247 947; x_wconf 88' lang='lat' dir='ltr'>iis</span> <span class='ocrx_word' id='word_1_91' title='bbox 1276 908 1478 947; x_wconf 84' lang='lat' dir='ltr'>declarata</span> <span class='ocrx_word' id='word_1_92' title='bbox 1505 913 1544 947; x_wconf 91' lang='lat' dir='ltr'>et</span> 
     </span>
     <span class='ocr_line' id='line_1_14' title="bbox 176 977 1545 1026; baseline 0 -12"><span class='ocrx_word' id='word_1_93' title='bbox 176 989 361 1026; x_wconf 84' lang='lat' dir='ltr'>expressa</span> <span class='ocrx_word' id='word_1_94' title='bbox 389 989 490 1024; x_wconf 87' lang='lat' dir='ltr'>esse,</span> <span class='ocrx_word' id='word_1_95' title='bbox 519 977 576 1014; x_wconf 85' lang='lat' dir='ltr'>ita</span> <span class='ocrx_word' id='word_1_96' title='bbox 603 980 751 1023; x_wconf 89' lang='lat' dir='ltr'>tamen,</span> <span class='ocrx_word' id='word_1_97' title='bbox 789 979 833 1014; x_wconf 91' lang='lat' dir='ltr'>ut</span> <span class='ocrx_word' id='word_1_98' title='bbox 866 989 993 1026; x_wconf 89' lang='lat' dir='ltr'>pauca</span> <span class='ocrx_word' id='word_1_99' title='bbox 1025 977 1188 1015; x_wconf 87' lang='lat' dir='ltr'>Aeolum</span> <span class='ocrx_word' id='word_1_100' title='bbox 1224 978 1352 1026; x_wconf 90' lang='lat' dir='ltr'>poesis</span> <span class='ocrx_word' id='word_1_101' title='bbox 1384 977 1545 1026; x_wconf 89' lang='lat' dir='ltr'>propria</span> 
     </span>
     <span class='ocr_line' id='line_1_15' title="bbox 177 1044 1543 1094; baseline 0 -11"><span class='ocrx_word' id='word_1_102' title='bbox 177 1044 351 1083; x_wconf 84' lang='lat' dir='ltr'>admixta</span> <span class='ocrx_word' id='word_1_103' title='bbox 379 1048 418 1083; x_wconf 90' lang='lat' dir='ltr'>et</span> <span class='ocrx_word' id='word_1_104' title='bbox 446 1045 557 1094; x_wconf 86' lang='lat' dir='ltr'>quasi</span> <span class='ocrx_word' id='word_1_105' title='bbox 585 1045 735 1083; x_wconf 84' lang='lat' dir='ltr'>intexta</span> <span class='ocrx_word' id='word_1_106' title='bbox 763 1045 853 1085; x_wconf 70' lang='lat' dir='ltr'>sint.</span> <span class='ocrx_word' id='word_1_107' title='bbox 894 1045 1018 1091; x_wconf 83' lang='lat' dir='ltr'>Quam</span> <span class='ocrx_word' id='word_1_108' title='bbox 1052 1044 1099 1083; x_wconf 91' lang='lat' dir='ltr'>ob</span> <span class='ocrx_word' id='word_1_109' title='bbox 1137 1057 1293 1083; x_wconf 87' lang='lat' dir='ltr'>causam</span> <span class='ocrx_word' id='word_1_110' title='bbox 1327 1045 1543 1084; x_wconf 88' lang='lat' dir='ltr'>Laconicus</span> 
     </span>
     <span class='ocr_line' id='line_1_16' title="bbox 174 1112 1544 1163; baseline 0.001 -13"><span class='ocrx_word' id='word_1_111' title='bbox 174 1112 419 1161; x_wconf 80' lang='lat' dir='ltr'>potissimum</span> <span class='ocrx_word' id='word_1_112' title='bbox 447 1116 563 1162; x_wconf 88' lang='lat' dir='ltr'>poeta</span> <span class='ocrx_word' id='word_1_113' title='bbox 589 1113 821 1150; x_wconf 87' lang='lat' dir='ltr'>iudicandus</span> <span class='ocrx_word' id='word_1_114' title='bbox 842 1116 882 1151; x_wconf 90' lang='lat' dir='ltr'>et</span> <span class='ocrx_word' id='word_1_115' title='bbox 899 1113 1157 1163; x_wconf 88' lang='lat' dir='ltr'>appellandus</span> <span class='ocrx_word' id='word_1_116' title='bbox 1187 1116 1257 1151; x_wconf 89' lang='lat' dir='ltr'>est.</span> <span class='ocrx_word' id='word_1_117' title='bbox 1288 1113 1359 1151; x_wconf 89' lang='lat' dir='ltr'>Cui</span> <span class='ocrx_word' id='word_1_118' title='bbox 1378 1114 1435 1151; x_wconf 90' lang='lat' dir='ltr'>rei</span> <span class='ocrx_word' id='word_1_119' title='bbox 1455 1126 1544 1151; x_wconf 92' lang='lat' dir='ltr'>con·</span> 
     </span>
     <span class='ocr_line' id='line_1_17' title="bbox 174 1179 1541 1230; baseline 0.001 -12"><span class='ocrx_word' id='word_1_120' title='bbox 174 1180 280 1218; x_wconf 85' lang='lat' dir='ltr'>venit</span> <span class='ocrx_word' id='word_1_121' title='bbox 299 1193 438 1218; x_wconf 91' lang='lat' dir='ltr'>nomen</span> <span class='ocrx_word' id='word_1_122' title='bbox 464 1180 662 1218; x_wconf 88' lang='lat' dir='ltr'>Alcmanis</span> <span class='ocrx_word' id='word_1_123' title='bbox 692 1179 947 1230; x_wconf 82' lang='lat' dir='ltr'>scriptoribus</span> <span class='ocrx_word' id='word_1_124' title='bbox 975 1181 1147 1230; x_wconf 86' lang='lat' dir='ltr'>antiquis</span> <span class='ocrx_word' id='word_1_125' title='bbox 1176 1181 1386 1219; x_wconf 87' lang='lat' dir='ltr'>usitatum:</span> <span class='ocrx_word' id='word_1_126' title='bbox 1410 1180 1431 1218; x_wconf 82' lang='grc' dir='ltr'>ὀ</span> <span class='ocrx_word' id='word_1_127' title='bbox 1455 1184 1541 1219; x_wconf 76' lang='grc' dir='ltr'>Λα-</span> 
     </span>
     <span class='ocr_line' id='line_1_18' title="bbox 173 1243 1540 1300; baseline 0.001 -15"><span class='ocrx_word' id='word_1_128' title='bbox 173 1243 331 1293; x_wconf 81' lang='grc' dir='ltr'><em>κωνικός</em></span> <span class='ocrx_word' id='word_1_129' title='bbox 359 1252 397 1286; x_wconf 87' lang='lat' dir='ltr'>et</span> <span class='ocrx_word' id='word_1_130' title='bbox 426 1246 446 1285; x_wconf 78' lang='grc' dir='ltr'>ὁ</span> <span class='ocrx_word' id='word_1_131' title='bbox 474 1247 701 1293; x_wconf 79' lang='grc' dir='ltr'>Λακωνικύς</span> <span class='ocrx_word' id='word_1_132' title='bbox 728 1245 952 1300; x_wconf 69' lang='grc' dir='ltr'>ποιητής,3)</span> <span class='ocrx_word' id='word_1_133' title='bbox 990 1262 1066 1297; x_wconf 90' lang='lat' dir='ltr'>quo</span> <span class='ocrx_word' id='word_1_134' title='bbox 1096 1250 1249 1287; x_wconf 87' lang='lat' dir='ltr'>nomine</span> <span class='ocrx_word' id='word_1_135' title='bbox 1276 1250 1404 1287; x_wconf 88' lang='lat' dir='ltr'>minus</span> <span class='ocrx_word' id='word_1_136' title='bbox 1432 1250 1540 1299; x_wconf 87' lang='lat' dir='ltr'>origo</span> 
     </span>
     <span class='ocr_line' id='line_1_19' title="bbox 173 1316 1542 1367; baseline 0.001 -13"><span class='ocrx_word' id='word_1_137' title='bbox 173 1319 312 1365; x_wconf 88' lang='lat' dir='ltr'>poetae</span> <span class='ocrx_word' id='word_1_138' title='bbox 331 1340 384 1345; x_wconf 90' lang='lat'><strong>—</strong></span> <span class='ocrx_word' id='word_1_139' title='bbox 407 1321 491 1354; x_wconf 87' lang='lat' dir='ltr'>erat</span> <span class='ocrx_word' id='word_1_140' title='bbox 519 1317 620 1354; x_wconf 91' lang='lat' dir='ltr'>enim</span> <span class='ocrx_word' id='word_1_141' title='bbox 648 1316 806 1355; x_wconf 83' lang='lat' dir='ltr'>natione</span> <span class='ocrx_word' id='word_1_142' title='bbox 834 1316 1006 1367; x_wconf 75' lang='lat' dir='ltr'>Lydus4)</span> <span class='ocrx_word' id='word_1_143' title='bbox 1030 1340 1083 1344; x_wconf 97' lang='lat'><strong>—</strong></span> <span class='ocrx_word' id='word_1_144' title='bbox 1111 1330 1228 1366; x_wconf 89' lang='lat' dir='ltr'>quam</span> <span class='ocrx_word' id='word_1_145' title='bbox 1255 1317 1390 1367; x_wconf 89' lang='lat' dir='ltr'>lingua</span> <span class='ocrx_word' id='word_1_146' title='bbox 1419 1321 1457 1356; x_wconf 92' lang='lat' dir='ltr'>et</span> <span class='ocrx_word' id='word_1_147' title='bbox 1484 1318 1542 1355; x_wconf 93' lang='lat' dir='ltr'>in-</span> 
     </span>
     <span class='ocr_line' id='line_1_20' title="bbox 174 1384 1540 1435; baseline 0.001 -13"><span class='ocrx_word' id='word_1_148' title='bbox 174 1384 281 1422; x_wconf 82' lang='lat' dir='ltr'>doles</span> <span class='ocrx_word' id='word_1_149' title='bbox 304 1386 517 1422; x_wconf 87' lang='lat' dir='ltr'>carminum</span> <span class='ocrx_word' id='word_1_150' title='bbox 544 1384 824 1434; x_wconf 88' lang='lat' dir='ltr'>significantur.</span> <span class='ocrx_word' id='word_1_151' title='bbox 855 1385 930 1424; x_wconf 84' lang='lat' dir='ltr'>Sed</span> <span class='ocrx_word' id='word_1_152' title='bbox 950 1387 1027 1424; x_wconf 89' lang='lat' dir='ltr'>iam</span> <span class='ocrx_word' id='word_1_153' title='bbox 1050 1386 1100 1424; x_wconf 89' lang='lat' dir='ltr'>ad</span> <span class='ocrx_word' id='word_1_154' title='bbox 1120 1387 1272 1435; x_wconf 86' lang='lat' dir='ltr'>singula</span> <span class='ocrx_word' id='word_1_155' title='bbox 1299 1399 1399 1435; x_wconf 87' lang='lat' dir='ltr'>quae</span> <span class='ocrx_word' id='word_1_156' title='bbox 1426 1386 1540 1424; x_wconf 91' lang='lat' dir='ltr'>huius</span> 
     </span>
     <span class='ocr_line' id='line_1_21' title="bbox 173 1452 1541 1504; baseline 0.001 -14"><span class='ocrx_word' id='word_1_157' title='bbox 173 1453 388 1491; x_wconf 88' lang='lat' dir='ltr'>Laconicae</span> <span class='ocrx_word' id='word_1_158' title='bbox 417 1456 581 1491; x_wconf 84' lang='lat' dir='ltr'>naturae</span> <span class='ocrx_word' id='word_1_159' title='bbox 610 1452 753 1491; x_wconf 87' lang='lat' dir='ltr'>indicia</span> <span class='ocrx_word' id='word_1_160' title='bbox 777 1466 825 1491; x_wconf 87' lang='lat' dir='ltr'>ex</span> <span class='ocrx_word' id='word_1_161' title='bbox 847 1453 1075 1503; x_wconf 85' lang='lat' dir='ltr'>fragmentis</span> <span class='ocrx_word' id='word_1_162' title='bbox 1100 1454 1231 1492; x_wconf 84' lang='lat' dir='ltr'>afferri</span> <span class='ocrx_word' id='word_1_163' title='bbox 1251 1458 1415 1504; x_wconf 90' lang='lat' dir='ltr'>possunt</span> <span class='ocrx_word' id='word_1_164' title='bbox 1434 1457 1541 1492; x_wconf 85' lang='lat' dir='ltr'>tran—</span> 
     </span>
     <span class='ocr_line' id='line_1_22' title="bbox 174 1533 337 1558; baseline 0 0"><span class='ocrx_word' id='word_1_165' title='bbox 174 1533 337 1558; x_wconf 88' lang='lat' dir='ltr'>seamus.</span> 
     </span>
    </p>

    <p class='ocr_par' dir='ltr' id='par_1_4' title="bbox 173 1589 1541 1847">
     <span class='ocr_line' id='line_1_23' title="bbox 276 1589 1541 1641; baseline 0.002 -14"><span class='ocrx_word' id='word_1_166' title='bbox 276 1589 482 1639; x_wconf 88' lang='lat' dir='ltr'>Proprium</span> <span class='ocrx_word' id='word_1_167' title='bbox 511 1592 596 1628; x_wconf 85' lang='lat' dir='ltr'>erat</span> <span class='ocrx_word' id='word_1_168' title='bbox 622 1593 846 1640; x_wconf 86' lang='lat' dir='ltr'>poematum</span> <span class='ocrx_word' id='word_1_169' title='bbox 878 1590 1089 1640; x_wconf 88' lang='lat' dir='ltr'>lyricorum</span> <span class='ocrx_word' id='word_1_170' title='bbox 1123 1590 1229 1641; x_wconf 90' lang='lat' dir='ltr'>apud</span> <span class='ocrx_word' id='word_1_171' title='bbox 1261 1593 1395 1640; x_wconf 88' lang='lat' dir='ltr'>gentes</span> <span class='ocrx_word' id='word_1_172' title='bbox 1428 1590 1541 1629; x_wconf 89' lang='lat' dir='ltr'>Dori-</span> 
     </span>
     <span class='ocr_line' id='line_1_24' title="bbox 174 1658 1537 1710; baseline 0.002 -16"><span class='ocrx_word' id='word_1_173' title='bbox 174 1669 256 1705; x_wconf 83' lang='lat' dir='ltr'>cas,</span> <span class='ocrx_word' id='word_1_174' title='bbox 291 1660 335 1695; x_wconf 87' lang='lat' dir='ltr'>ut</span> <span class='ocrx_word' id='word_1_175' title='bbox 363 1670 386 1695; x_wconf 89' lang='lat' dir='ltr'>a</span> <span class='ocrx_word' id='word_1_176' title='bbox 414 1658 551 1705; x_wconf 81' lang='lat' dir='ltr'>choro⁷</span> <span class='ocrx_word' id='word_1_177' title='bbox 587 1671 664 1696; x_wconf 93' lang='lat' dir='ltr'>non</span> <span class='ocrx_word' id='word_1_178' title='bbox 693 1672 716 1696; x_wconf 90' lang='lat' dir='ltr'>a</span> <span class='ocrx_word' id='word_1_179' title='bbox 744 1659 906 1708; x_wconf 89' lang='lat' dir='ltr'>singulis</span> <span class='ocrx_word' id='word_1_180' title='bbox 935 1658 1230 1710; x_wconf 82' lang='lat' dir='ltr'>canerentur,5)</span> <span class='ocrx_word' id='word_1_181' title='bbox 1270 1661 1327 1697; x_wconf 88' lang='lat' dir='ltr'>ita</span> <span class='ocrx_word' id='word_1_182' title='bbox 1363 1659 1537 1708; x_wconf 81' lang='lat' dir='ltr'>quidem,</span> 
     </span>
     <span class='ocr_line' id='line_1_25' title="bbox 173 1725 1537 1777; baseline 0.002 -15"><span class='ocrx_word' id='word_1_183' title='bbox 173 1728 217 1762; x_wconf 92' lang='lat' dir='ltr'>ut</span> <span class='ocrx_word' id='word_1_184' title='bbox 249 1725 377 1775; x_wconf 89' lang='lat' dir='ltr'>poesis</span> <span class='ocrx_word' id='word_1_185' title='bbox 414 1725 558 1764; x_wconf 88' lang='lat' dir='ltr'>Dorica</span> <span class='ocrx_word' id='word_1_186' title='bbox 593 1730 632 1763; x_wconf 87' lang='lat' dir='ltr'>et</span> <span class='ocrx_word' id='word_1_187' title='bbox 667 1726 822 1765; x_wconf 87' lang='lat' dir='ltr'>chorica</span> <span class='ocrx_word' id='word_1_188' title='bbox 858 1726 962 1765; x_wconf 91' lang='lat' dir='ltr'>idem</span> <span class='ocrx_word' id='word_1_189' title='bbox 996 1726 1225 1777; x_wconf 82' lang='lat' dir='ltr'>significent.</span> <span class='ocrx_word' id='word_1_190' title='bbox 1255 1727 1382 1773; x_wconf 85' lang='lat' dir='ltr'>Quare</span> <span class='ocrx_word' id='word_1_191' title='bbox 1411 1727 1537 1765; x_wconf 89' lang='lat' dir='ltr'>omnis</span> 
     </span>
     <span class='ocr_line' id='line_1_26' title="bbox 173 1793 1538 1847; baseline 0.003 -17"><span class='ocrx_word' id='word_1_192' title='bbox 173 1793 339 1831; x_wconf 88' lang='lat' dir='ltr'>eruditio</span> <span class='ocrx_word' id='word_1_193' title='bbox 360 1795 527 1842; x_wconf 80' lang='lat' dir='ltr'>musica,</span> <span class='ocrx_word' id='word_1_194' title='bbox 552 1807 651 1843; x_wconf 88' lang='lat' dir='ltr'>quae</span> <span class='ocrx_word' id='word_1_195' title='bbox 673 1795 838 1844; x_wconf 83' lang='lat' dir='ltr'>Spartae</span> <span class='ocrx_word' id='word_1_196' title='bbox 858 1796 1014 1833; x_wconf 91' lang='lat' dir='ltr'>minime</span> <span class='ocrx_word' id='word_1_197' title='bbox 1042 1795 1338 1845; x_wconf 83' lang='lat' dir='ltr'>neglegebatur,</span> <span class='ocrx_word' id='word_1_198' title='bbox 1352 1795 1382 1847; x_wconf 77' lang='lat'>⁶)</span> <span class='ocrx_word' id='word_1_199' title='bbox 1413 1796 1538 1834; x_wconf 85' lang='lat' dir='ltr'>cuius-</span> 
     </span>
    </p>
   </div>
   <div class='ocr_carea' id='block_1_4' title="bbox 169 1977 1538 2484">
    <p class='ocr_par' dir='ltr' id='par_1_5' title="bbox 283 1977 833 2018">
     <span class='ocr_line' id='line_1_27' title="bbox 283 1977 833 2018; baseline -0.002 -9"><span class='ocrx_word' id='word_1_200' title='bbox 283 1977 300 2018; x_wconf 88' lang='lat'>¹)</span> <span class='ocrx_word' id='word_1_201' title='bbox 323 1978 381 2009; x_wconf 85' lang='lat' dir='ltr'>cfr.</span> <span class='ocrx_word' id='word_1_202' title='bbox 405 1978 567 2009; x_wconf 81' lang='lat' dir='ltr'>Ahrens</span> <span class='ocrx_word' id='word_1_203' title='bbox 590 1978 609 2009; x_wconf 93' lang='grc'>1.</span> <span class='ocrx_word' id='word_1_204' title='bbox 633 1979 651 2009; x_wconf 94' lang='lat' dir='ltr'>l.</span> <span class='ocrx_word' id='word_1_205' title='bbox 675 1989 705 2018; x_wconf 90' lang='lat' dir='ltr'>p.</span> <span class='ocrx_word' id='word_1_206' title='bbox 730 1978 770 2009; x_wconf 70' lang='lat'>(58</span> <span class='ocrx_word' id='word_1_207' title='bbox 785 1987 833 2018; x_wconf 88' lang='lat' dir='ltr'>sq.</span> 
     </span>
    </p>

    <p class='ocr_par' dir='ltr' id='par_1_6' title="bbox 169 2040 1538 2191">
     <span class='ocr_line' id='line_1_28' title="bbox 278 2040 1538 2084; baseline 0.002 -12"><span class='ocrx_word' id='word_1_208' title='bbox 278 2042 302 2078; x_wconf 74' lang='grc'>2)</span> <span class='ocrx_word' id='word_1_209' title='bbox 324 2040 346 2073; x_wconf 90' lang='grc'>1.</span> <span class='ocrx_word' id='word_1_210' title='bbox 368 2041 389 2073; x_wconf 93' lang='lat' dir='ltr'>l.</span> <span class='ocrx_word' id='word_1_211' title='bbox 412 2052 443 2082; x_wconf 91' lang='lat' dir='ltr'>p.</span> <span class='ocrx_word' id='word_1_212' title='bbox 466 2042 506 2073; x_wconf 78' lang='lat'>68</span> <span class='ocrx_word' id='word_1_213' title='bbox 529 2051 575 2082; x_wconf 90' lang='lat' dir='ltr'>sq.</span> <span class='ocrx_word' id='word_1_214' title='bbox 599 2046 631 2073; x_wconf 81' lang='lat' dir='ltr'>et</span> <span class='ocrx_word' id='word_1_215' title='bbox 653 2041 692 2072; x_wconf 89' lang='lat' dir='ltr'>de</span> <span class='ocrx_word' id='word_1_216' title='bbox 714 2041 791 2081; x_wconf 83' lang='lat' dir='ltr'>ling.</span> <span class='ocrx_word' id='word_1_217' title='bbox 814 2040 929 2073; x_wconf 74' lang='lat' dir='ltr'>Graec.</span> <span class='ocrx_word' id='word_1_218' title='bbox 958 2041 1084 2074; x_wconf 79' lang='lat' dir='ltr'>dialect.</span> <span class='ocrx_word' id='word_1_219' title='bbox 1115 2043 1155 2074; x_wconf 86' lang='grc' dir='ltr'>ΙΙ.</span> <span class='ocrx_word' id='word_1_220' title='bbox 1185 2054 1216 2083; x_wconf 76' lang='lat' dir='ltr'>p.</span> <span class='ocrx_word' id='word_1_221' title='bbox 1238 2044 1267 2075; x_wconf 87' lang='grc'>4.</span> <span class='ocrx_word' id='word_1_222' title='bbox 1289 2046 1354 2074; x_wconf 84' lang='lat' dir='ltr'>not.</span> <span class='ocrx_word' id='word_1_223' title='bbox 1378 2045 1414 2083; x_wconf 74' lang='lat'>63</span> <span class='ocrx_word' id='word_1_224' title='bbox 1443 2054 1474 2084; x_wconf 88' lang='lat' dir='ltr'>p.</span> <span class='ocrx_word' id='word_1_225' title='bbox 1501 2045 1538 2075; x_wconf 78' lang='lat'>19</span> 
     </span>
     <span class='ocr_line' id='line_1_29' title="bbox 171 2094 1538 2143; baseline 0.006 -20"><span class='ocrx_word' id='word_1_226' title='bbox 171 2095 237 2124; x_wconf 83' lang='lat' dir='ltr'>not.</span> <span class='ocrx_word' id='word_1_227' title='bbox 263 2095 289 2124; x_wconf 87' lang='lat'>1.</span> <span class='ocrx_word' id='word_1_228' title='bbox 320 2113 336 2116; x_wconf 64' lang='lat'><em>„</em></span> <span class='ocrx_word' id='word_1_229' title='bbox 376 2094 432 2125; x_wconf 85' lang='lat' dir='ltr'>cfr.</span> <span class='ocrx_word' id='word_1_230' title='bbox 457 2094 544 2125; x_wconf 88' lang='lat' dir='ltr'>Suid.</span> <span class='ocrx_word' id='word_1_231' title='bbox 569 2103 593 2125; x_wconf 84' lang='lat' dir='ltr'>S.</span> <span class='ocrx_word' id='word_1_232' title='bbox 616 2105 666 2126; x_wconf 81' lang='lat' dir='ltr'>V.:</span> <span class='ocrx_word' id='word_1_233' title='bbox 697 2094 859 2141; x_wconf 77' lang='grc' dir='ltr'>κέχρηται</span> <span class='ocrx_word' id='word_1_234' title='bbox 893 2094 927 2128; x_wconf 82' lang='grc' dir='ltr'>δὲ</span> <span class='ocrx_word' id='word_1_235' title='bbox 961 2094 1084 2141; x_wconf 77' lang='grc' dir='ltr'>Δωρίδι</span> <span class='ocrx_word' id='word_1_236' title='bbox 1118 2097 1300 2143; x_wconf 71' lang='grc' dir='ltr'>διαλέκτῳ,</span> <span class='ocrx_word' id='word_1_237' title='bbox 1333 2097 1441 2143; x_wconf 75' lang='grc' dir='ltr'>ὥςπερ</span> <span class='ocrx_word' id='word_1_238' title='bbox 1474 2097 1538 2131; x_wconf 81' lang='grc' dir='ltr'>Λα-</span> 
     </span>
     <span class='ocr_line' id='line_1_30' title="bbox 169 2144 1233 2191; baseline -0.001 -11"><span class='ocrx_word' id='word_1_239' title='bbox 169 2144 384 2191; x_wconf 56' lang='grc' dir='ltr'>’κεδαιμὸνιομ</span> <span class='ocrx_word' id='word_1_240' title='bbox 409 2147 560 2187; x_wconf 90' lang='lat' dir='ltr'>Apollon.</span> <span class='ocrx_word' id='word_1_241' title='bbox 583 2146 691 2177; x_wconf 89' lang='lat' dir='ltr'>multis</span> <span class='ocrx_word' id='word_1_242' title='bbox 713 2146 804 2178; x_wconf 83' lang='lat' dir='ltr'>locis.</span> <span class='ocrx_word' id='word_1_243' title='bbox 824 2164 866 2167; x_wconf 90' lang='lat'>—</span> <span class='ocrx_word' id='word_1_244' title='bbox 887 2145 1009 2179; x_wconf 83' lang='lat' dir='ltr'>Himer.</span> <span class='ocrx_word' id='word_1_245' title='bbox 1032 2146 1121 2179; x_wconf 82' lang='lat' dir='ltr'>Orat.</span> <span class='ocrx_word' id='word_1_246' title='bbox 1144 2148 1181 2179; x_wconf 86' lang='lat' dir='ltr'>V.</span> <span class='ocrx_word' id='word_1_247' title='bbox 1204 2147 1233 2179; x_wconf 85' lang='lat'>3.</span> 
     </span>
    </p>

    <p class='ocr_par' dir='ltr' id='par_1_7' title="bbox 171 2208 1538 2304">
     <span class='ocr_line' id='line_1_31' title="bbox 277 2208 1538 2252; baseline 0.002 -11"><span class='ocrx_word' id='word_1_248' title='bbox 277 2209 302 2251; x_wconf 84' lang='lat'>³)</span> <span class='ocrx_word' id='word_1_249' title='bbox 324 2209 491 2241; x_wconf 86' lang='lat' dir='ltr'>Aristid.</span> <span class='ocrx_word' id='word_1_250' title='bbox 515 2210 539 2242; x_wconf 89' lang='grc' dir='ltr'>Ι.</span> <span class='ocrx_word' id='word_1_251' title='bbox 564 2220 596 2250; x_wconf 81' lang='lat' dir='ltr'>p.</span> <span class='ocrx_word' id='word_1_252' title='bbox 618 2210 676 2249; x_wconf 70' lang='lat'>493</span> <span class='ocrx_word' id='word_1_253' title='bbox 698 2208 739 2241; x_wconf 92' lang='grc' dir='ltr'>Π.</span> <span class='ocrx_word' id='word_1_254' title='bbox 762 2218 795 2249; x_wconf 86' lang='lat' dir='ltr'>p.</span> <span class='ocrx_word' id='word_1_255' title='bbox 819 2208 860 2240; x_wconf 89' lang='grc'>40</span> <span class='ocrx_word' id='word_1_256' title='bbox 882 2213 914 2240; x_wconf 84' lang='lat' dir='ltr'>et</span> <span class='ocrx_word' id='word_1_257' title='bbox 936 2209 1006 2241; x_wconf 86' lang='lat'>508.</span> <span class='ocrx_word' id='word_1_258' title='bbox 1039 2209 1123 2242; x_wconf 88' lang='lat' dir='ltr'>Plut.</span> <span class='ocrx_word' id='word_1_259' title='bbox 1146 2209 1286 2252; x_wconf 80' lang='lat' dir='ltr'>Lycurg.</span> <span class='ocrx_word' id='word_1_260' title='bbox 1309 2220 1335 2243; x_wconf 86' lang='lat' dir='ltr'>e.</span> <span class='ocrx_word' id='word_1_261' title='bbox 1357 2211 1406 2243; x_wconf 80' lang='lat'>21.</span> <span class='ocrx_word' id='word_1_262' title='bbox 1440 2211 1538 2252; x_wconf 86' lang='lat' dir='ltr'>Apul.</span> 
     </span>
     <span class='ocr_line' id='line_1_32' title="bbox 171 2261 563 2304; baseline 0.005 -12"><span class='ocrx_word' id='word_1_263' title='bbox 171 2261 310 2303; x_wconf 82' lang='lat' dir='ltr'>Apolog.</span> <span class='ocrx_word' id='word_1_264' title='bbox 332 2273 364 2303; x_wconf 88' lang='lat' dir='ltr'>p.</span> <span class='ocrx_word' id='word_1_265' title='bbox 387 2263 433 2293; x_wconf 88' lang='lat'>11.</span> <span class='ocrx_word' id='word_1_266' title='bbox 457 2262 563 2304; x_wconf 60' lang='lat' dir='ltr'>(Rip).</span> 
     </span>
    </p>

    <p class='ocr_par' dir='ltr' id='par_1_8' title="bbox 276 2324 1538 2371">
     <span class='ocr_line' id='line_1_33' title="bbox 276 2324 1538 2371; baseline 0.003 -14"><span class='ocrx_word' id='word_1_267' title='bbox 276 2325 300 2366; x_wconf 57' lang='grc'>4)</span> <span class='ocrx_word' id='word_1_268' title='bbox 324 2326 380 2357; x_wconf 88' lang='lat' dir='ltr'>cfr.</span> <span class='ocrx_word' id='word_1_269' title='bbox 403 2325 537 2358; x_wconf 83' lang='lat' dir='ltr'>Welck</span> <span class='ocrx_word' id='word_1_270' title='bbox 549 2334 604 2364; x_wconf 87' lang='lat' dir='ltr'>er,</span> <span class='ocrx_word' id='word_1_271' title='bbox 632 2324 768 2356; x_wconf 78' lang='lat' dir='ltr'>Alcman</span> <span class='ocrx_word' id='word_1_272' title='bbox 792 2335 822 2366; x_wconf 92' lang='lat' dir='ltr'>p.</span> <span class='ocrx_word' id='word_1_273' title='bbox 845 2325 865 2356; x_wconf 85' lang='lat'><strong>3</strong></span> <span class='ocrx_word' id='word_1_274' title='bbox 887 2335 931 2366; x_wconf 89' lang='lat' dir='ltr'>sq.</span> <span class='ocrx_word' id='word_1_275' title='bbox 968 2325 1116 2358; x_wconf 85' lang='lat' dir='ltr'>Corsin.</span> <span class='ocrx_word' id='word_1_276' title='bbox 1151 2328 1240 2360; x_wconf 84' lang='lat' dir='ltr'>Fast.</span> <span class='ocrx_word' id='word_1_277' title='bbox 1264 2329 1332 2359; x_wconf 87' lang='lat' dir='ltr'>Att.</span> <span class='ocrx_word' id='word_1_278' title='bbox 1354 2329 1411 2361; x_wconf 87' lang='lat'>111.</span> <span class='ocrx_word' id='word_1_279' title='bbox 1433 2340 1464 2371; x_wconf 86' lang='lat' dir='ltr'>p.</span> <span class='ocrx_word' id='word_1_280' title='bbox 1489 2330 1538 2361; x_wconf 81' lang='lat'>50.</span> 
     </span>
    </p>

    <p class='ocr_par' dir='ltr' id='par_1_9' title="bbox 170 2387 1536 2484">
     <span class='ocr_line' id='line_1_34' title="bbox 278 2387 1536 2432; baseline 0.004 -13"><span class='ocrx_word' id='word_1_281' title='bbox 278 2389 301 2426; x_wconf 83' lang='lat'>⁵)</span> <span class='ocrx_word' id='word_1_282' title='bbox 325 2388 382 2420; x_wconf 87' lang='lat' dir='ltr'>cfr.</span> <span class='ocrx_word' id='word_1_283' title='bbox 404 2388 599 2426; x_wconf 89' lang='lat' dir='ltr'>Mueller,</span> <span class='ocrx_word' id='word_1_284' title='bbox 622 2387 896 2428; x_wconf 85' lang='lat' dir='ltr'>Literaturgesch.</span> <span class='ocrx_word' id='word_1_285' title='bbox 920 2389 944 2421; x_wconf 88' lang='grc' dir='ltr'>Ι,</span> <span class='ocrx_word' id='word_1_286' title='bbox 974 2400 1003 2430; x_wconf 90' lang='lat' dir='ltr'>p.</span> <span class='ocrx_word' id='word_1_287' title='bbox 1027 2390 1097 2421; x_wconf 76' lang='lat'>295.</span> <span class='ocrx_word' id='word_1_288' title='bbox 1129 2390 1240 2422; x_wconf 87' lang='lat' dir='ltr'>Bode</span> <span class='ocrx_word' id='word_1_289' title='bbox 1262 2391 1293 2422; x_wconf 90' lang='lat'>11</span> <span class='ocrx_word' id='word_1_290' title='bbox 1303 2391 1333 2424; x_wconf 82' lang='lat' dir='ltr'>b.</span> <span class='ocrx_word' id='word_1_291' title='bbox 1355 2402 1386 2432; x_wconf 85' lang='lat' dir='ltr'>p.</span> <span class='ocrx_word' id='word_1_292' title='bbox 1409 2394 1439 2424; x_wconf 86' lang='lat'>4.</span> <span class='ocrx_word' id='word_1_293' title='bbox 1474 2392 1536 2424; x_wconf 88' lang='lat' dir='ltr'>Ul-</span> 
     </span>
     <span class='ocr_line' id='line_1_35' title="bbox 170 2442 432 2484; baseline 0.004 -11"><span class='ocrx_word' id='word_1_294' title='bbox 170 2442 243 2474; x_wconf 87' lang='lat' dir='ltr'>rici</span> <span class='ocrx_word' id='word_1_295' title='bbox 265 2442 306 2475; x_wconf 84' lang='lat'>11.</span> <span class='ocrx_word' id='word_1_296' title='bbox 328 2453 359 2484; x_wconf 87' lang='lat' dir='ltr'>p.</span> <span class='ocrx_word' id='word_1_297' title='bbox 382 2443 432 2474; x_wconf 83' lang='lat'>67.</span> 
     </span>
    </p>
   </div>
   <div class='ocr_carea' id='block_1_5' title="bbox 172 2506 1537 2599">
    <p class='ocr_par' dir='ltr' id='par_1_10' title="bbox 172 2506 1537 2599">
     <span class='ocr_line' id='line_1_36' title="bbox 276 2506 1537 2549; baseline 0.003 -13"><span class='ocrx_word' id='word_1_298' title='bbox 276 2506 301 2544; x_wconf 64' lang='grc' dir='ltr'>ὅ)</span> <span class='ocrx_word' id='word_1_299' title='bbox 324 2506 382 2537; x_wconf 86' lang='lat' dir='ltr'>cfr.</span> <span class='ocrx_word' id='word_1_300' title='bbox 405 2506 534 2539; x_wconf 87' lang='lat' dir='ltr'>Ulrici</span> <span class='ocrx_word' id='word_1_301' title='bbox 556 2506 575 2538; x_wconf 85' lang='lat'>1.</span> <span class='ocrx_word' id='word_1_302' title='bbox 600 2506 621 2538; x_wconf 91' lang='lat' dir='ltr'>l.</span> <span class='ocrx_word' id='word_1_303' title='bbox 646 2510 678 2538; x_wconf 88' lang='lat' dir='ltr'>et</span> <span class='ocrx_word' id='word_1_304' title='bbox 700 2515 778 2547; x_wconf 85' lang='lat' dir='ltr'>quos</span> <span class='ocrx_word' id='word_1_305' title='bbox 801 2506 846 2538; x_wconf 89' lang='lat' dir='ltr'>ibi</span> <span class='ocrx_word' id='word_1_306' title='bbox 868 2506 976 2538; x_wconf 83' lang='lat' dir='ltr'>attulit</span> <span class='ocrx_word' id='word_1_307' title='bbox 996 2506 1094 2539; x_wconf 90' lang='lat' dir='ltr'>locos.</span> <span class='ocrx_word' id='word_1_308' title='bbox 1128 2508 1176 2539; x_wconf 84' lang='lat' dir='ltr'>cfr</span> <span class='ocrx_word' id='word_1_309' title='bbox 1210 2508 1406 2549; x_wconf 80' lang='lat' dir='ltr'>Terpand.</span> <span class='ocrx_word' id='word_1_310' title='bbox 1430 2508 1490 2549; x_wconf 85' lang='lat' dir='ltr'>frg.</span> <span class='ocrx_word' id='word_1_311' title='bbox 1508 2509 1537 2540; x_wconf 89' lang='lat'>6.</span> 
     </span>
     <span class='ocr_line' id='line_1_37' title="bbox 172 2558 1405 2599; baseline 0.001 -9"><span class='ocrx_word' id='word_1_312' title='bbox 172 2558 234 2598; x_wconf 85' lang='lat' dir='ltr'>(ed.</span> <span class='ocrx_word' id='word_1_313' title='bbox 258 2558 414 2599; x_wconf 87' lang='lat' dir='ltr'>Bergk).</span> <span class='ocrx_word' id='word_1_314' title='bbox 1403 2569 1405 2571; x_wconf 92' lang='lat'>·</span> 
     </span>
    </p>
   </div>
  </div>
 </body>
</html>
