<?xml version="1.0" encoding="UTF-8"?>
<!DOCTYPE html PUBLIC "-//W3C//DTD XHTML 1.0 Transitional//EN"
    "http://www.w3.org/TR/xhtml1/DTD/xhtml1-transitional.dtd">
<html xmlns="http://www.w3.org/1999/xhtml" xml:lang="en" lang="en">
 <head>
  <title>
</title>
<meta http-equiv="Content-Type" content="text/html;charset=utf-8" />
  <meta name='ocr-system' content='tesseract 3.04.00' />
  <meta name='ocr-capabilities' content='ocr_page ocr_carea ocr_par ocr_line ocrx_word'/>
</head>
<body>
  <div class='ocr_page' id='page_1' title='image "4738079_0021.png"; bbox 0 0 1728 2976; ppageno 0'>
   <div class='ocr_carea' id='block_1_1' title="bbox 837 147 861 181">
    <p class='ocr_par' dir='ltr' id='par_1_1' title="bbox 837 147 861 181">
     <span class='ocr_line' id='line_1_1' title="bbox 837 147 861 181; baseline 0 0"><span class='ocrx_word' id='word_1_1' title='bbox 837 147 861 181; x_wconf 87' lang='grc'>8</span> 
     </span>
    </p>
   </div>
   <div class='ocr_carea' id='block_1_2' title="bbox 726 197 974 203">
    <p class='ocr_par' dir='ltr' id='par_1_2' title="bbox 726 197 974 203">
     <span class='ocr_line' id='line_1_2' title="bbox 726 197 974 203; baseline 0 0"><span class='ocrx_word' id='word_1_2' title='bbox 726 197 974 203; x_wconf 95' lang='lat' dir='ltr'><strong> </strong></span> 
     </span>
    </p>
   </div>
   <div class='ocr_carea' id='block_1_3' title="bbox 160 268 1538 1814">
    <p class='ocr_par' dir='ltr' id='par_1_3' title="bbox 160 268 1538 1814">
     <span class='ocr_line' id='line_1_3' title="bbox 164 268 1533 319; baseline 0.001 -13"><span class='ocrx_word' id='word_1_3' title='bbox 164 268 333 306; x_wconf 89' lang='lat' dir='ltr'><strong>Alkman</strong></span> <span class='ocrx_word' id='word_1_4' title='bbox 359 268 456 306; x_wconf 89' lang='lat' dir='ltr'><strong>wird</strong></span> <span class='ocrx_word' id='word_1_5' title='bbox 484 268 726 317; x_wconf 75' lang='lat' dir='ltr'><strong>gewohnlich</strong></span> <span class='ocrx_word' id='word_1_6' title='bbox 754 282 801 307; x_wconf 91' lang='lat' dir='ltr'><strong>zu</strong></span> <span class='ocrx_word' id='word_1_7' title='bbox 828 269 927 307; x_wconf 92' lang='lat' dir='ltr'><strong>hoch</strong></span> <span class='ocrx_word' id='word_1_8' title='bbox 950 269 1251 319; x_wconf 84' lang='lat' dir='ltr'><strong>hinaufgesetzt,</strong></span> <span class='ocrx_word' id='word_1_9' title='bbox 1271 281 1314 307; x_wconf 89' lang='lat' dir='ltr'><strong>so</strong></span> <span class='ocrx_word' id='word_1_10' title='bbox 1334 268 1423 308; x_wconf 87' lang='lat' dir='ltr'><strong>dass</strong></span> <span class='ocrx_word' id='word_1_11' title='bbox 1441 281 1533 308; x_wconf 85' lang='lat' dir='ltr'><strong>man</strong></span> 
     </span>
     <span class='ocr_line' id='line_1_4' title="bbox 163 334 1536 386; baseline 0.001 -12"><span class='ocrx_word' id='word_1_12' title='bbox 163 335 273 374; x_wconf 88' lang='lat' dir='ltr'><strong>nicht</strong></span> <span class='ocrx_word' id='word_1_13' title='bbox 291 334 476 385; x_wconf 76' lang='lat' dir='ltr'><strong>begreist,</strong></span> <span class='ocrx_word' id='word_1_14' title='bbox 503 336 573 374; x_wconf 89' lang='lat' dir='ltr'><strong>wie</strong></span> <span class='ocrx_word' id='word_1_15' title='bbox 601 335 752 374; x_wconf 82' lang='lat' dir='ltr'><strong>damals</strong></span> <span class='ocrx_word' id='word_1_16' title='bbox 781 335 901 374; x_wconf 90' lang='lat' dir='ltr'><strong>schon</strong></span> <span class='ocrx_word' id='word_1_17' title='bbox 931 336 993 374; x_wconf 89' lang='lat' dir='ltr'><strong>die</strong></span> <span class='ocrx_word' id='word_1_18' title='bbox 1020 336 1188 386; x_wconf 89' lang='lat' dir='ltr'><strong>lyrische</strong></span> <span class='ocrx_word' id='word_1_19' title='bbox 1215 336 1349 375; x_wconf 89' lang='lat' dir='ltr'><strong>Poesie</strong></span> <span class='ocrx_word' id='word_1_20' title='bbox 1377 336 1461 374; x_wconf 88' lang='lat' dir='ltr'><strong>sich</strong></span> <span class='ocrx_word' id='word_1_21' title='bbox 1487 349 1536 375; x_wconf 90' lang='lat' dir='ltr'><strong>zu</strong></span> 
     </span>
     <span class='ocr_line' id='line_1_5' title="bbox 164 403 1535 453; baseline 0.001 -12"><span class='ocrx_word' id='word_1_22' title='bbox 164 403 318 442; x_wconf 89' lang='lat' dir='ltr'><strong>solcher</strong></span> <span class='ocrx_word' id='word_1_23' title='bbox 345 403 704 453; x_wconf 82' lang='lat' dir='ltr'><strong>Mannigfaltigkeit</strong></span> <span class='ocrx_word' id='word_1_24' title='bbox 738 404 839 442; x_wconf 86' lang='lat' dir='ltr'>habe</span> <span class='ocrx_word' id='word_1_25' title='bbox 877 404 1105 443; x_wconf 87' lang='lat' dir='ltr'><strong>entwickeln</strong></span> <span class='ocrx_word' id='word_1_26' title='bbox 1136 404 1308 451; x_wconf 73' lang='lat' dir='ltr'><strong>konnen,</strong></span> <span class='ocrx_word' id='word_1_27' title='bbox 1342 404 1412 442; x_wconf 88' lang='lat' dir='ltr'><strong>wie</strong></span> <span class='ocrx_word' id='word_1_28' title='bbox 1444 417 1535 443; x_wconf 87' lang='lat' dir='ltr'><strong>man</strong></span> 
     </span>
     <span class='ocr_line' id='line_1_6' title="bbox 165 470 1536 523; baseline 0.001 -15"><span class='ocrx_word' id='word_1_29' title='bbox 165 471 221 508; x_wconf 89' lang='lat' dir='ltr'><strong>sie</strong></span> <span class='ocrx_word' id='word_1_30' title='bbox 249 470 312 508; x_wconf 92' lang='lat' dir='ltr'><strong>bei</strong></span> <span class='ocrx_word' id='word_1_31' title='bbox 339 471 419 508; x_wconf 93' lang='lat' dir='ltr'><strong>ihm</strong></span> <span class='ocrx_word' id='word_1_32' title='bbox 446 471 579 509; x_wconf 89' lang='lat' dir='ltr'><strong>findet.</strong></span> <span class='ocrx_word' id='word_1_33' title='bbox 609 471 744 521; x_wconf 82' lang='lat' dir='ltr'>Neque</span> <span class='ocrx_word' id='word_1_34' title='bbox 763 472 879 510; x_wconf 86' lang='lat' dir='ltr'><strong>aliter</strong></span> <span class='ocrx_word' id='word_1_35' title='bbox 898 471 1200 522; x_wconf 80' lang='lat' dir='ltr'><strong>Hoeokiusz1)</strong></span> <span class='ocrx_word' id='word_1_36' title='bbox 1232 472 1343 510; x_wconf 84' lang='lat' dir='ltr'><strong>Seine</strong></span> <span class='ocrx_word' id='word_1_37' title='bbox 1365 471 1536 523; x_wconf 87' lang='lat' dir='ltr'><strong>(Alcma-</strong></span> 
     </span>
     <span class='ocr_line' id='line_1_7' title="bbox 164 539 1536 591; baseline 0.001 -14"><span class='ocrx_word' id='word_1_38' title='bbox 164 539 242 591; x_wconf 86' lang='lat' dir='ltr'><strong>nis)</strong></span> <span class='ocrx_word' id='word_1_39' title='bbox 279 539 472 590; x_wconf 85' lang='lat' dir='ltr'><strong>vielseitig</strong></span> <span class='ocrx_word' id='word_1_40' title='bbox 509 539 703 590; x_wconf 86' lang='lat' dir='ltr'><strong>gebildete</strong></span> <span class='ocrx_word' id='word_1_41' title='bbox 739 540 850 579; x_wconf 90' lang='lat' dir='ltr'><strong>Muse</strong></span> <span class='ocrx_word' id='word_1_42' title='bbox 888 539 1041 579; x_wconf 88' lang='lat' dir='ltr'><strong>erlaubt</strong></span> <span class='ocrx_word' id='word_1_43' title='bbox 1074 539 1211 588; x_wconf 89' lang='lat' dir='ltr'><strong>kaum,</strong></span> <span class='ocrx_word' id='word_1_44' title='bbox 1252 540 1320 578; x_wconf 92' lang='lat' dir='ltr'><strong>ihn</strong></span> <span class='ocrx_word' id='word_1_45' title='bbox 1360 553 1401 578; x_wconf 90' lang='lat' dir='ltr'><strong>so</strong></span> <span class='ocrx_word' id='word_1_46' title='bbox 1436 540 1536 579; x_wconf 87' lang='lat' dir='ltr'><strong>hoch</strong></span> 
     </span>
     <span class='ocr_line' id='line_1_8' title="bbox 165 606 1537 655; baseline 0.001 -10"><span class='ocrx_word' id='word_1_47' title='bbox 165 606 516 655; x_wconf 84' lang='lat' dir='ltr'><strong>hinauszuriicken,</strong></span> <span class='ocrx_word' id='word_1_48' title='bbox 552 608 622 646; x_wconf 87' lang='lat' dir='ltr'><strong>wie</strong></span> <span class='ocrx_word' id='word_1_49' title='bbox 656 607 848 646; x_wconf 85' lang='lat' dir='ltr'><strong>Eusebius</strong></span> <span class='ocrx_word' id='word_1_50' title='bbox 880 608 981 646; x_wconf 90' lang='lat' dir='ltr'><strong>nach</strong></span> <span class='ocrx_word' id='word_1_51' title='bbox 1013 607 1133 646; x_wconf 88' lang='lat' dir='ltr'><strong>Einer</strong></span> <span class='ocrx_word' id='word_1_52' title='bbox 1168 608 1288 646; x_wconf 88' lang='lat' dir='ltr'><strong>Stelle</strong></span> <span class='ocrx_word' id='word_1_53' title='bbox 1325 608 1425 646; x_wconf 83' lang='lat' dir='ltr'><strong>thut.</strong></span> <span class='ocrx_word' id='word_1_54' title='bbox 1461 608 1537 647; x_wconf 85' lang='lat' dir='ltr'><strong>Sed</strong></span> 
     </span>
     <span class='ocr_line' id='line_1_9' title="bbox 166 674 1537 726; baseline 0.001 -13"><span class='ocrx_word' id='word_1_55' title='bbox 166 675 272 724; x_wconf 89' lang='lat' dir='ltr'><strong>quod</strong></span> <span class='ocrx_word' id='word_1_56' title='bbox 292 674 333 713; x_wconf 93' lang='lat' dir='ltr'><strong>hi</strong></span> <span class='ocrx_word' id='word_1_57' title='bbox 354 675 427 714; x_wconf 83' lang='lat' dir='ltr'><strong>viri</strong></span> <span class='ocrx_word' id='word_1_58' title='bbox 450 675 666 714; x_wconf 81' lang='lat' dir='ltr'><strong>doctissimi</strong></span> <span class='ocrx_word' id='word_1_59' title='bbox 685 677 821 726; x_wconf 84' lang='lat' dir='ltr'>poesin</span> <span class='ocrx_word' id='word_1_60' title='bbox 839 676 1002 726; x_wconf 82' lang='lat' dir='ltr'><strong>lyricam</strong></span> <span class='ocrx_word' id='word_1_61' title='bbox 1016 676 1093 714; x_wconf 85' lang='lat' dir='ltr'><strong>iam</strong></span> <span class='ocrx_word' id='word_1_62' title='bbox 1108 679 1192 714; x_wconf 90' lang='lat' dir='ltr'><strong>tum</strong></span> <span class='ocrx_word' id='word_1_63' title='bbox 1207 688 1252 715; x_wconf 93' lang='lat' dir='ltr'><strong>eo</strong></span> <span class='ocrx_word' id='word_1_64' title='bbox 1271 675 1537 726; x_wconf 87' lang='lat' dir='ltr'><strong>perfectionis,</strong></span> 
     </span>
     <span class='ocr_line' id='line_1_10' title="bbox 170 743 1538 793; baseline 0.001 -12"><span class='ocrx_word' id='word_1_65' title='bbox 170 756 270 792; x_wconf 88' lang='lat' dir='ltr'><strong>quae</strong></span> <span class='ocrx_word' id='word_1_66' title='bbox 298 744 339 781; x_wconf 89' lang='lat' dir='ltr'><strong>in</strong></span> <span class='ocrx_word' id='word_1_67' title='bbox 367 743 567 782; x_wconf 85' lang='lat' dir='ltr'><strong>Alcmanis</strong></span> <span class='ocrx_word' id='word_1_68' title='bbox 595 743 832 782; x_wconf 84' lang='lat' dir='ltr'><strong>carminibus</strong></span> <span class='ocrx_word' id='word_1_69' title='bbox 860 744 1074 791; x_wconf 83' lang='lat' dir='ltr'><strong>invenitur,</strong></span> <span class='ocrx_word' id='word_1_70' title='bbox 1099 756 1345 793; x_wconf 81' lang='lat' dir='ltr'><strong>progressam</strong></span> <span class='ocrx_word' id='word_1_71' title='bbox 1366 757 1448 782; x_wconf 88' lang='lat' dir='ltr'><strong>esse</strong></span> <span class='ocrx_word' id='word_1_72' title='bbox 1467 744 1538 782; x_wconf 90' lang='lat' dir='ltr'><strong>mi-</strong></span> 
     </span>
     <span class='ocr_line' id='line_1_11' title="bbox 166 811 1537 861; baseline 0.001 -13"><span class='ocrx_word' id='word_1_73' title='bbox 166 814 325 858; x_wconf 89' lang='lat' dir='ltr'><strong>rantur,</strong></span> <span class='ocrx_word' id='word_1_74' title='bbox 355 812 437 849; x_wconf 88' lang='lat' dir='ltr'><strong>eius</strong></span> <span class='ocrx_word' id='word_1_75' title='bbox 465 811 523 849; x_wconf 90' lang='lat' dir='ltr'><strong>rei</strong></span> <span class='ocrx_word' id='word_1_76' title='bbox 550 811 646 850; x_wconf 90' lang='lat' dir='ltr'><strong>haec</strong></span> <span class='ocrx_word' id='word_1_77' title='bbox 674 824 793 850; x_wconf 85' lang='lat' dir='ltr'><strong>causa</strong></span> <span class='ocrx_word' id='word_1_78' title='bbox 821 815 897 859; x_wconf 89' lang='lat' dir='ltr'><strong>est,</strong></span> <span class='ocrx_word' id='word_1_79' title='bbox 927 812 1030 861; x_wconf 86' lang='lat' dir='ltr'><strong>quod</strong></span> <span class='ocrx_word' id='word_1_80' title='bbox 1055 811 1144 850; x_wconf 91' lang='lat' dir='ltr'><strong>illos</strong></span> <span class='ocrx_word' id='word_1_81' title='bbox 1169 824 1322 861; x_wconf 88' lang='lat' dir='ltr'><strong>quoque</strong></span> <span class='ocrx_word' id='word_1_82' title='bbox 1341 815 1478 861; x_wconf 85' lang='lat' dir='ltr'><strong>poetas</strong></span> <span class='ocrx_word' id='word_1_83' title='bbox 1499 816 1537 850; x_wconf 89' lang='lat' dir='ltr'><strong>et</strong></span> 
     </span>
     <span class='ocr_line' id='line_1_12' title="bbox 166 879 1538 929; baseline 0.001 -13"><span class='ocrx_word' id='word_1_84' title='bbox 166 879 264 916; x_wconf 89' lang='lat' dir='ltr'><strong>artis</strong></span> <span class='ocrx_word' id='word_1_85' title='bbox 292 880 465 917; x_wconf 82' lang='lat' dir='ltr'><strong>musicae</strong></span> <span class='ocrx_word' id='word_1_86' title='bbox 492 880 657 928; x_wconf 91' lang='lat' dir='ltr'><strong>peritos,</strong></span> <span class='ocrx_word' id='word_1_87' title='bbox 694 880 761 929; x_wconf 91' lang='lat' dir='ltr'><strong>qui</strong></span> <span class='ocrx_word' id='word_1_88' title='bbox 794 880 897 917; x_wconf 93' lang='lat' dir='ltr'><strong>hunc</strong></span> <span class='ocrx_word' id='word_1_89' title='bbox 923 880 1050 929; x_wconf 91' lang='lat' dir='ltr'><strong>poesis</strong></span> <span class='ocrx_word' id='word_1_90' title='bbox 1078 880 1222 929; x_wconf 84' lang='lat' dir='ltr'><strong>lyricae</strong></span> <span class='ocrx_word' id='word_1_91' title='bbox 1250 882 1398 918; x_wconf 86' lang='lat' dir='ltr'><strong>statum</strong></span> <span class='ocrx_word' id='word_1_92' title='bbox 1425 892 1538 928; x_wconf 87' lang='lat' dir='ltr'><strong>prae-</strong></span> 
     </span>
     <span class='ocr_line' id='line_1_13' title="bbox 164 946 1537 997; baseline 0.001 -13"><span class='ocrx_word' id='word_1_93' title='bbox 164 950 357 996; x_wconf 88' lang='lat' dir='ltr'><strong>pararunt</strong></span> <span class='ocrx_word' id='word_1_94' title='bbox 391 950 431 985; x_wconf 90' lang='lat' dir='ltr'><strong>et</strong></span> <span class='ocrx_word' id='word_1_95' title='bbox 465 946 692 996; x_wconf 84' lang='lat' dir='ltr'><strong>effecerunt,</strong></span> <span class='ocrx_word' id='word_1_96' title='bbox 728 947 998 997; x_wconf 90' lang='lat' dir='ltr'><strong>Terpandrum</strong></span> <span class='ocrx_word' id='word_1_97' title='bbox 1033 947 1136 995; x_wconf 92' lang='lat' dir='ltr'><strong>dico,</strong></span> <span class='ocrx_word' id='word_1_98' title='bbox 1172 947 1391 995; x_wconf 87' lang='lat' dir='ltr'><strong>Thaletam,</strong></span> <span class='ocrx_word' id='word_1_99' title='bbox 1425 947 1537 997; x_wconf 90' lang='lat' dir='ltr'><strong>Poly-</strong></span> 
     </span>
     <span class='ocr_line' id='line_1_14' title="bbox 163 1015 1535 1066; baseline 0.002 -14"><span class='ocrx_word' id='word_1_100' title='bbox 163 1018 375 1064; x_wconf 89' lang='lat' dir='ltr'><strong>mnestum,</strong></span> <span class='ocrx_word' id='word_1_101' title='bbox 414 1028 511 1065; x_wconf 91' lang='lat' dir='ltr'><strong>quos</strong></span> <span class='ocrx_word' id='word_1_102' title='bbox 547 1017 696 1066; x_wconf 88' lang='lat' dir='ltr'><strong>primae</strong></span> <span class='ocrx_word' id='word_1_103' title='bbox 737 1019 776 1054; x_wconf 86' lang='lat' dir='ltr'><strong>et</strong></span> <span class='ocrx_word' id='word_1_104' title='bbox 811 1015 1002 1054; x_wconf 88' lang='lat' dir='ltr'><strong>secundae</strong></span> <span class='ocrx_word' id='word_1_105' title='bbox 1039 1016 1331 1054; x_wconf 75' lang='lat' dir='ltr'><strong>constitutionis</strong></span> <span class='ocrx_word' id='word_1_106' title='bbox 1366 1016 1535 1055; x_wconf 82' lang='lat' dir='ltr'><strong>musicae</strong></span> 
     </span>
     <span class='ocr_line' id='line_1_15' title="bbox 164 1083 1536 1136; baseline 0.001 -15"><span class='ocrx_word' id='word_1_107' title='bbox 164 1087 346 1122; x_wconf 76' lang='lat' dir='ltr'><strong>auctores</strong></span> <span class='ocrx_word' id='word_1_108' title='bbox 383 1084 619 1123; x_wconf 87' lang='lat' dir='ltr'><strong>Plutarchus</strong></span> <span class='ocrx_word' id='word_1_109' title='bbox 654 1083 893 1136; x_wconf 46' lang='lat' dir='ltr'><strong>appellatfl)</strong></span> <span class='ocrx_word' id='word_1_110' title='bbox 929 1083 1103 1123; x_wconf 88' lang='lat' dir='ltr'><strong>inferiori</strong></span> <span class='ocrx_word' id='word_1_111' title='bbox 1138 1097 1255 1133; x_wconf 88' lang='lat' dir='ltr'><strong>quam</strong></span> <span class='ocrx_word' id='word_1_112' title='bbox 1288 1084 1381 1122; x_wconf 87' lang='lat' dir='ltr'><strong>licet</strong></span> <span class='ocrx_word' id='word_1_113' title='bbox 1415 1085 1536 1123; x_wconf 84' lang='lat' dir='ltr'><strong>aetati</strong></span> 
     </span>
     <span class='ocr_line' id='line_1_16' title="bbox 163 1151 1353 1202; baseline 0.001 -14"><span class='ocrx_word' id='word_1_114' title='bbox 163 1151 407 1202; x_wconf 80' lang='lat' dir='ltr'><strong>tribuunt33)</strong></span> <span class='ocrx_word' id='word_1_115' title='bbox 437 1165 516 1200; x_wconf 91' lang='lat' dir='ltr'><strong>qua</strong></span> <span class='ocrx_word' id='word_1_116' title='bbox 544 1152 592 1189; x_wconf 92' lang='lat' dir='ltr'><strong>de</strong></span> <span class='ocrx_word' id='word_1_117' title='bbox 620 1165 662 1190; x_wconf 89' lang='lat' dir='ltr'><strong>re</strong></span> <span class='ocrx_word' id='word_1_118' title='bbox 690 1152 914 1189; x_wconf 86' lang='lat' dir='ltr'><strong>accuratius</strong></span> <span class='ocrx_word' id='word_1_119' title='bbox 942 1151 1069 1189; x_wconf 85' lang='lat' dir='ltr'><strong>dicam</strong></span> <span class='ocrx_word' id='word_1_120' title='bbox 1097 1164 1253 1189; x_wconf 87' lang='lat' dir='ltr'><strong>necesse</strong></span> <span class='ocrx_word' id='word_1_121' title='bbox 1282 1154 1353 1189; x_wconf 92' lang='lat' dir='ltr'><strong>est.</strong></span> 
     </span>
     <span class='ocr_line' id='line_1_17' title="bbox 268 1218 1534 1267; baseline -0.001 -11"><span class='ocrx_word' id='word_1_122' title='bbox 268 1218 457 1256; x_wconf 87' lang='lat' dir='ltr'><strong>Omnibus</strong></span> <span class='ocrx_word' id='word_1_123' title='bbox 484 1218 545 1256; x_wconf 84' lang='lat' dir='ltr'><strong>hjs</strong></span> <span class='ocrx_word' id='word_1_124' title='bbox 575 1231 672 1267; x_wconf 92' lang='lat' dir='ltr'><strong>quos</strong></span> <span class='ocrx_word' id='word_1_125' title='bbox 702 1219 925 1256; x_wconf 87' lang='lat' dir='ltr'><strong>enumeravi</strong></span> <span class='ocrx_word' id='word_1_126' title='bbox 958 1218 1084 1267; x_wconf 88' lang='lat' dir='ltr'><strong>poetis</strong></span> <span class='ocrx_word' id='word_1_127' title='bbox 1117 1218 1351 1267; x_wconf 90' lang='lat' dir='ltr'><strong>musicisque</strong></span> <span class='ocrx_word' id='word_1_128' title='bbox 1380 1218 1534 1256; x_wconf 88' lang='lat' dir='ltr'><strong>Alcma-</strong></span> 
     </span>
     <span class='ocr_line' id='line_1_18' title="bbox 161 1286 1536 1336; baseline 0 -12"><span class='ocrx_word' id='word_1_129' title='bbox 161 1299 252 1324; x_wconf 89' lang='lat' dir='ltr'><strong>nem</strong></span> <span class='ocrx_word' id='word_1_130' title='bbox 280 1299 358 1324; x_wconf 95' lang='lat' dir='ltr'><strong>non</strong></span> <span class='ocrx_word' id='word_1_131' title='bbox 387 1286 506 1325; x_wconf 84' lang='lat' dir='ltr'><strong>fuisse</strong></span> <span class='ocrx_word' id='word_1_132' title='bbox 535 1287 775 1336; x_wconf 86' lang='lat' dir='ltr'><strong>superiorem</strong></span> <span class='ocrx_word' id='word_1_133' title='bbox 804 1290 844 1325; x_wconf 89' lang='lat' dir='ltr'><strong>et</strong></span> <span class='ocrx_word' id='word_1_134' title='bbox 880 1287 997 1334; x_wconf 89' lang='lat' dir='ltr'><strong>certis</strong></span> <span class='ocrx_word' id='word_1_135' title='bbox 1030 1290 1206 1325; x_wconf 83' lang='lat' dir='ltr'><strong>veterum</strong></span> <span class='ocrx_word' id='word_1_136' title='bbox 1242 1289 1445 1325; x_wconf 89' lang='lat' dir='ltr'><strong>auctorum</strong></span> <span class='ocrx_word' id='word_1_137' title='bbox 1479 1290 1536 1325; x_wconf 89' lang='lat' dir='ltr'><strong>te-</strong></span> 
     </span>
     <span class='ocr_line' id='line_1_19' title="bbox 161 1354 1534 1404; baseline 0.001 -13"><span class='ocrx_word' id='word_1_138' title='bbox 161 1355 355 1393; x_wconf 89' lang='lat' dir='ltr'><strong>stimoniis</strong></span> <span class='ocrx_word' id='word_1_139' title='bbox 384 1354 636 1402; x_wconf 83' lang='lat' dir='ltr'><strong>evincitur,4)</strong></span> <span class='ocrx_word' id='word_1_140' title='bbox 672 1367 796 1403; x_wconf 90' lang='lat' dir='ltr'><strong>neque</strong></span> <span class='ocrx_word' id='word_1_141' title='bbox 824 1355 1031 1404; x_wconf 88' lang='lat' dir='ltr'><strong>quisquam</strong></span> <span class='ocrx_word' id='word_1_142' title='bbox 1060 1367 1210 1402; x_wconf 82' lang='lat' dir='ltr'><strong>eorum,</strong></span> <span class='ocrx_word' id='word_1_143' title='bbox 1246 1354 1314 1403; x_wconf 84' lang='lat' dir='ltr'><strong>qui</strong></span> <span class='ocrx_word' id='word_1_144' title='bbox 1348 1354 1534 1393; x_wconf 84' lang='lat' dir='ltr'><strong>historiae</strong></span> 
     </span>
     <span class='ocr_line' id='line_1_20' title="bbox 162 1423 1535 1473; baseline 0 -12"><span class='ocrx_word' id='word_1_145' title='bbox 162 1424 259 1461; x_wconf 86' lang='lat' dir='ltr'><strong>artis</strong></span> <span class='ocrx_word' id='word_1_146' title='bbox 286 1423 431 1473; x_wconf 88' lang='lat' dir='ltr'><strong>lyricae</strong></span> <span class='ocrx_word' id='word_1_147' title='bbox 461 1423 702 1462; x_wconf 87' lang='lat' dir='ltr'><strong>Graecorum</strong></span> <span class='ocrx_word' id='word_1_148' title='bbox 731 1423 984 1473; x_wconf 86' lang='lat' dir='ltr'><strong>explicandae</strong></span> <span class='ocrx_word' id='word_1_149' title='bbox 1013 1436 1171 1473; x_wconf 87' lang='lat' dir='ltr'><strong>operam</strong></span> <span class='ocrx_word' id='word_1_150' title='bbox 1200 1423 1410 1471; x_wconf 87' lang='lat' dir='ltr'><strong>dederunt,</strong></span> <span class='ocrx_word' id='word_1_151' title='bbox 1446 1436 1535 1462; x_wconf 90' lang='lat' dir='ltr'><strong>con-</strong></span> 
     </span>
     <span class='ocr_line' id='line_1_21' title="bbox 160 1486 1535 1541; baseline 0.001 -13"><span class='ocrx_word' id='word_1_152' title='bbox 160 1486 346 1539; x_wconf 75' lang='lat' dir='ltr'><strong>tradicit3</strong></span> <span class='ocrx_word' id='word_1_153' title='bbox 376 1490 444 1529; x_wconf 92' lang='lat' dir='ltr'><strong>sed</strong></span> <span class='ocrx_word' id='word_1_154' title='bbox 472 1491 523 1539; x_wconf 89' lang='lat' dir='ltr'><strong>si,</strong></span> <span class='ocrx_word' id='word_1_155' title='bbox 554 1503 654 1541; x_wconf 91' lang='lat' dir='ltr'><strong>quae</strong></span> <span class='ocrx_word' id='word_1_156' title='bbox 684 1491 735 1529; x_wconf 86' lang='lat' dir='ltr'><strong>sit</strong></span> <span class='ocrx_word' id='word_1_157' title='bbox 763 1491 1006 1541; x_wconf 87' lang='lat' dir='ltr'><strong>singulorum</strong></span> <span class='ocrx_word' id='word_1_158' title='bbox 1031 1495 1157 1540; x_wconf 87' lang='lat' dir='ltr'><strong>aetas,</strong></span> <span class='ocrx_word' id='word_1_159' title='bbox 1179 1492 1400 1530; x_wconf 85' lang='lat' dir='ltr'><strong>accuratius</strong></span> <span class='ocrx_word' id='word_1_160' title='bbox 1420 1504 1535 1541; x_wconf 87' lang='lat' dir='ltr'><strong>quae—</strong></span> 
     </span>
     <span class='ocr_line' id='line_1_22' title="bbox 160 1555 1535 1609; baseline 0.001 -12"><span class='ocrx_word' id='word_1_161' title='bbox 160 1560 302 1607; x_wconf 86' lang='lat' dir='ltr'><strong>rimus,</strong></span> <span class='ocrx_word' id='word_1_162' title='bbox 330 1572 473 1609; x_wconf 86' lang='lat' dir='ltr'><strong>magna</strong></span> <span class='ocrx_word' id='word_1_163' title='bbox 500 1560 603 1599; x_wconf 89' lang='lat' dir='ltr'><strong>inter</strong></span> <span class='ocrx_word' id='word_1_164' title='bbox 631 1561 735 1598; x_wconf 91' lang='lat' dir='ltr'><strong>viros</strong></span> <span class='ocrx_word' id='word_1_165' title='bbox 763 1560 899 1606; x_wconf 89' lang='lat' dir='ltr'><strong>doctos</strong></span> <span class='ocrx_word' id='word_1_166' title='bbox 928 1555 1116 1598; x_wconf 86' lang='lat' dir='ltr'><strong>dissensio</strong></span> <span class='ocrx_word' id='word_1_167' title='bbox 1145 1560 1327 1598; x_wconf 89' lang='lat' dir='ltr'><strong>occurrit.</strong></span> <span class='ocrx_word' id='word_1_168' title='bbox 1364 1560 1535 1609; x_wconf 90' lang='lat' dir='ltr'><strong>Terpan-</strong></span> 
     </span>
     <span class='ocr_line' id='line_1_23' title="bbox 161 1626 1534 1677; baseline 0.001 -13"><span class='ocrx_word' id='word_1_169' title='bbox 161 1626 275 1664; x_wconf 91' lang='lat' dir='ltr'><strong>drum</strong></span> <span class='ocrx_word' id='word_1_170' title='bbox 302 1627 481 1676; x_wconf 87' lang='lat' dir='ltr'><strong>quidem,</strong></span> <span class='ocrx_word' id='word_1_171' title='bbox 517 1628 668 1677; x_wconf 89' lang='lat' dir='ltr'><strong>primae</strong></span> <span class='ocrx_word' id='word_1_172' title='bbox 697 1628 991 1665; x_wconf 88' lang='lat' dir='ltr'><strong>constitutionis</strong></span> <span class='ocrx_word' id='word_1_173' title='bbox 1019 1627 1190 1665; x_wconf 89' lang='lat' dir='ltr'><strong>musicae</strong></span> <span class='ocrx_word' id='word_1_174' title='bbox 1217 1630 1433 1674; x_wconf 84' lang='lat' dir='ltr'><strong>auctorem,</strong></span> <span class='ocrx_word' id='word_1_175' title='bbox 1468 1627 1534 1664; x_wconf 88' lang='lat' dir='ltr'><strong>alii</strong></span> 
     </span>
     <span class='ocr_line' id='line_1_24' title="bbox 161 1692 1533 1746; baseline 0 -13"><span class='ocrx_word' id='word_1_176' title='bbox 161 1695 202 1733; x_wconf 91' lang='lat' dir='ltr'><strong>in</strong></span> <span class='ocrx_word' id='word_1_177' title='bbox 233 1694 507 1745; x_wconf 88' lang='lat' dir='ltr'><strong>Olympiadum</strong></span> <span class='ocrx_word' id='word_1_178' title='bbox 536 1696 649 1734; x_wconf 90' lang='lat' dir='ltr'><strong>initio</strong></span> <span class='ocrx_word' id='word_1_179' title='bbox 678 1699 845 1746; x_wconf 91' lang='lat' dir='ltr'><strong>ponunt,</strong></span> <span class='ocrx_word' id='word_1_180' title='bbox 860 1692 891 1745; x_wconf 81' lang='lat'><strong>⁵)</strong></span> <span class='ocrx_word' id='word_1_181' title='bbox 914 1695 981 1733; x_wconf 90' lang='lat' dir='ltr'><strong>alii</strong></span> <span class='ocrx_word' id='word_1_182' title='bbox 1005 1696 1109 1733; x_wconf 90' lang='lat' dir='ltr'><strong>circa</strong></span> <span class='ocrx_word' id='word_1_183' title='bbox 1131 1694 1282 1745; x_wconf 86' lang='lat' dir='ltr'><strong>Olymp.</strong></span> <span class='ocrx_word' id='word_1_184' title='bbox 1302 1694 1429 1733; x_wconf 91' lang='lat' dir='ltr'>XXVI</span> <span class='ocrx_word' id='word_1_185' title='bbox 1449 1708 1533 1733; x_wconf 91' lang='lat' dir='ltr'><strong>eum</strong></span> 
     </span>
     <span class='ocr_line' id='line_1_25' title="bbox 160 1762 1533 1814; baseline 0.001 -14"><span class='ocrx_word' id='word_1_186' title='bbox 160 1762 336 1801; x_wconf 90' lang='lat' dir='ltr'><strong>floruisse</strong></span> <span class='ocrx_word' id='word_1_187' title='bbox 366 1764 618 1802; x_wconf 85' lang='lat' dir='ltr'><strong>contendunt.</strong></span> <span class='ocrx_word' id='word_1_188' title='bbox 636 1765 666 1814; x_wconf 77' lang='grc'><strong>6)</strong></span> <span class='ocrx_word' id='word_1_189' title='bbox 695 1764 840 1802; x_wconf 88' lang='lat' dir='ltr'><strong>Verum</strong></span> <span class='ocrx_word' id='word_1_190' title='bbox 873 1763 970 1801; x_wconf 82' lang='lat' dir='ltr'><strong>haec</strong></span> <span class='ocrx_word' id='word_1_191' title='bbox 1004 1763 1269 1813; x_wconf 86' lang='lat' dir='ltr'><strong>discrepantia</strong></span> <span class='ocrx_word' id='word_1_192' title='bbox 1301 1763 1428 1802; x_wconf 90' lang='lat' dir='ltr'><strong>minus</strong></span> <span class='ocrx_word' id='word_1_193' title='bbox 1463 1776 1533 1801; x_wconf 90' lang='lat' dir='ltr'><strong>nos</strong></span> 
     </span>
    </p>
   </div>
   <div class='ocr_carea' id='block_1_4' title="bbox 164 1849 287 1854">
    <p class='ocr_par' dir='ltr' id='par_1_4' title="bbox 164 1849 287 1854">
     <span class='ocr_line' id='line_1_26' title="bbox 164 1849 287 1854; baseline 0 0"><span class='ocrx_word' id='word_1_194' title='bbox 164 1849 287 1854; x_wconf 95' lang='lat' dir='ltr'><strong> </strong></span> 
     </span>
    </p>
   </div>
   <div class='ocr_carea' id='block_1_5' title="bbox 159 1890 1533 2581">
    <p class='ocr_par' dir='ltr' id='par_1_5' title="bbox 295 1890 612 1927">
     <span class='ocr_line' id='line_1_27' title="bbox 295 1890 612 1927; baseline 0.003 -7"><span class='ocrx_word' id='word_1_195' title='bbox 295 1891 313 1927; x_wconf 90' lang='lat'><strong>¹)</strong></span> <span class='ocrx_word' id='word_1_196' title='bbox 337 1890 440 1921; x_wconf 87' lang='lat' dir='ltr'><strong>Kreta</strong></span> <span class='ocrx_word' id='word_1_197' title='bbox 462 1890 517 1920; x_wconf 88' lang='lat'><strong>111.</strong></span> <span class='ocrx_word' id='word_1_198' title='bbox 541 1891 612 1922; x_wconf 77' lang='lat'><strong>379.</strong></span> 
     </span>
    </p>

    <p class='ocr_par' dir='ltr' id='par_1_6' title="bbox 290 1946 1154 1988">
     <span class='ocr_line' id='line_1_28' title="bbox 290 1946 1154 1988; baseline 0.001 -10"><span class='ocrx_word' id='word_1_199' title='bbox 290 1948 314 1987; x_wconf 86' lang='lat'><strong>²)</strong></span> <span class='ocrx_word' id='word_1_200' title='bbox 337 1946 378 1978; x_wconf 89' lang='lat' dir='ltr'><strong>de</strong></span> <span class='ocrx_word' id='word_1_201' title='bbox 400 1947 521 1979; x_wconf 88' lang='lat' dir='ltr'><strong>musica</strong></span> <span class='ocrx_word' id='word_1_202' title='bbox 543 1957 570 1979; x_wconf 89' lang='lat' dir='ltr'><strong>c.</strong></span> <span class='ocrx_word' id='word_1_203' title='bbox 593 1949 612 1978; x_wconf 84' lang='lat'><strong>9</strong></span> <span class='ocrx_word' id='word_1_204' title='bbox 644 1948 688 1988; x_wconf 77' lang='lat' dir='ltr'><strong>(p.</strong></span> <span class='ocrx_word' id='word_1_205' title='bbox 714 1950 741 1986; x_wconf 76' lang='lat'><strong>7,</strong></span> <span class='ocrx_word' id='word_1_206' title='bbox 769 1947 816 1979; x_wconf 84' lang='lat'><strong>15.</strong></span> <span class='ocrx_word' id='word_1_207' title='bbox 840 1947 888 1978; x_wconf 85' lang='lat' dir='ltr'><strong>ed.</strong></span> <span class='ocrx_word' id='word_1_208' title='bbox 912 1947 1154 1988; x_wconf 86' lang='lat' dir='ltr'><strong>Westphal).</strong></span> 
     </span>
    </p>

    <p class='ocr_par' dir='ltr' id='par_1_7' title="bbox 159 2003 1533 2361">
     <span class='ocr_line' id='line_1_29' title="bbox 285 2003 1532 2046; baseline -0.001 -10"><span class='ocrx_word' id='word_1_209' title='bbox 285 2006 317 2045; x_wconf 86' lang='lat'><strong>3)</strong></span> <span class='ocrx_word' id='word_1_210' title='bbox 341 2004 512 2046; x_wconf 89' lang='lat' dir='ltr'><strong>Olympum</strong></span> <span class='ocrx_word' id='word_1_211' title='bbox 535 2005 697 2046; x_wconf 84' lang='lat' dir='ltr'><strong>Phrygem</strong></span> <span class='ocrx_word' id='word_1_212' title='bbox 718 2005 779 2036; x_wconf 90' lang='lat' dir='ltr'><strong>hoc</strong></span> <span class='ocrx_word' id='word_1_213' title='bbox 803 2005 872 2036; x_wconf 90' lang='lat' dir='ltr'><strong>loco</strong></span> <span class='ocrx_word' id='word_1_214' title='bbox 896 2005 1104 2045; x_wconf 83' lang='lat' dir='ltr'><strong>praetermisi,</strong></span> <span class='ocrx_word' id='word_1_215' title='bbox 1129 2005 1203 2045; x_wconf 83' lang='lat' dir='ltr'><strong>quia</strong></span> <span class='ocrx_word' id='word_1_216' title='bbox 1224 2004 1423 2045; x_wconf 86' lang='lat' dir='ltr'><strong>probabilius</strong></span> <span class='ocrx_word' id='word_1_217' title='bbox 1445 2003 1532 2035; x_wconf 90' lang='lat' dir='ltr'><strong>vide-</strong></span> 
     </span>
     <span class='ocr_line' id='line_1_30' title="bbox 159 2055 1533 2098; baseline -0.001 -9"><span class='ocrx_word' id='word_1_218' title='bbox 159 2061 228 2097; x_wconf 85' lang='lat' dir='ltr'><strong>tur,</strong></span> <span class='ocrx_word' id='word_1_219' title='bbox 258 2067 432 2098; x_wconf 85' lang='lat' dir='ltr'><strong>numquam</strong></span> <span class='ocrx_word' id='word_1_220' title='bbox 457 2065 528 2088; x_wconf 89' lang='lat' dir='ltr'><strong>eum</strong></span> <span class='ocrx_word' id='word_1_221' title='bbox 551 2065 628 2088; x_wconf 89' lang='lat' dir='ltr'><strong>vere</strong></span> <span class='ocrx_word' id='word_1_222' title='bbox 650 2057 828 2097; x_wconf 85' lang='lat' dir='ltr'><strong>exstitisse,</strong></span> <span class='ocrx_word' id='word_1_223' title='bbox 859 2065 964 2098; x_wconf 90' lang='lat' dir='ltr'><strong>neque</strong></span> <span class='ocrx_word' id='word_1_224' title='bbox 993 2056 1080 2088; x_wconf 87' lang='lat' dir='ltr'><strong>aliud</strong></span> <span class='ocrx_word' id='word_1_225' title='bbox 1110 2056 1284 2097; x_wconf 84' lang='lat' dir='ltr'><strong>quidquam</strong></span> <span class='ocrx_word' id='word_1_226' title='bbox 1313 2056 1375 2088; x_wconf 91' lang='lat' dir='ltr'><strong>hoc</strong></span> <span class='ocrx_word' id='word_1_227' title='bbox 1404 2055 1533 2087; x_wconf 88' lang='lat' dir='ltr'><strong>nomine</strong></span> 
     </span>
     <span class='ocr_line' id='line_1_31' title="bbox 160 2108 1533 2152; baseline -0.001 -10"><span class='ocrx_word' id='word_1_228' title='bbox 160 2110 408 2152; x_wconf 88' lang='lat' dir='ltr'><strong>comprehendi,</strong></span> <span class='ocrx_word' id='word_1_229' title='bbox 442 2110 505 2142; x_wconf 89' lang='lat' dir='ltr'><strong>nisi</strong></span> <span class='ocrx_word' id='word_1_230' title='bbox 527 2113 629 2142; x_wconf 85' lang='lat' dir='ltr'><strong>artem</strong></span> <span class='ocrx_word' id='word_1_231' title='bbox 651 2109 815 2151; x_wconf 82' lang='lat' dir='ltr'><strong>Phrygum</strong></span> <span class='ocrx_word' id='word_1_232' title='bbox 838 2109 1009 2142; x_wconf 86' lang='lat' dir='ltr'><strong>auleticam</strong></span> <span class='ocrx_word' id='word_1_233' title='bbox 1030 2109 1063 2140; x_wconf 92' lang='lat' dir='ltr'><strong>in</strong></span> <span class='ocrx_word' id='word_1_234' title='bbox 1087 2108 1238 2140; x_wconf 86' lang='lat' dir='ltr'><strong>musicam</strong></span> <span class='ocrx_word' id='word_1_235' title='bbox 1261 2108 1456 2141; x_wconf 85' lang='lat' dir='ltr'><strong>Graecorum</strong></span> <span class='ocrx_word' id='word_1_236' title='bbox 1477 2108 1533 2141; x_wconf 84' lang='lat' dir='ltr'><strong>ali-</strong></span> 
     </span>
     <span class='ocr_line' id='line_1_32' title="bbox 161 2161 1532 2204; baseline -0.001 -10"><span class='ocrx_word' id='word_1_237' title='bbox 161 2163 238 2204; x_wconf 90' lang='lat' dir='ltr'><strong>quid</strong></span> <span class='ocrx_word' id='word_1_238' title='bbox 260 2163 337 2194; x_wconf 90' lang='lat' dir='ltr'><strong>novi</strong></span> <span class='ocrx_word' id='word_1_239' title='bbox 357 2163 520 2202; x_wconf 82' lang='lat' dir='ltr'><strong>intulisse;</strong></span> <span class='ocrx_word' id='word_1_240' title='bbox 553 2172 616 2203; x_wconf 87' lang='lat' dir='ltr'><strong>qua</strong></span> <span class='ocrx_word' id='word_1_241' title='bbox 644 2162 684 2193; x_wconf 91' lang='lat' dir='ltr'><strong>de</strong></span> <span class='ocrx_word' id='word_1_242' title='bbox 711 2171 808 2193; x_wconf 84' lang='lat' dir='ltr'><strong>causa</strong></span> <span class='ocrx_word' id='word_1_243' title='bbox 839 2162 934 2193; x_wconf 88' lang='lat' dir='ltr'><strong>etiam</strong></span> <span class='ocrx_word' id='word_1_244' title='bbox 963 2161 1003 2192; x_wconf 89' lang='lat' dir='ltr'><strong>de</strong></span> <span class='ocrx_word' id='word_1_245' title='bbox 1035 2161 1103 2193; x_wconf 89' lang='lat' dir='ltr'><strong>eius</strong></span> <span class='ocrx_word' id='word_1_246' title='bbox 1124 2164 1231 2193; x_wconf 85' lang='lat' dir='ltr'><strong>aetate</strong></span> <span class='ocrx_word' id='word_1_247' title='bbox 1253 2161 1335 2192; x_wconf 92' lang='lat' dir='ltr'><strong>nihil</strong></span> <span class='ocrx_word' id='word_1_248' title='bbox 1358 2161 1437 2193; x_wconf 86' lang='lat' dir='ltr'><strong>certi</strong></span> <span class='ocrx_word' id='word_1_249' title='bbox 1459 2170 1532 2192; x_wconf 92' lang='lat' dir='ltr'><strong>con-</strong></span> 
     </span>
     <span class='ocr_line' id='line_1_33' title="bbox 160 2212 1532 2256; baseline 0 -11"><span class='ocrx_word' id='word_1_250' title='bbox 160 2214 249 2247; x_wconf 89' lang='lat' dir='ltr'><strong>stitui</strong></span> <span class='ocrx_word' id='word_1_251' title='bbox 271 2217 387 2256; x_wconf 85' lang='lat' dir='ltr'><strong>potest.</strong></span> <span class='ocrx_word' id='word_1_252' title='bbox 410 2214 466 2246; x_wconf 88' lang='lat' dir='ltr'><strong>cfr.</strong></span> <span class='ocrx_word' id='word_1_253' title='bbox 490 2214 703 2246; x_wconf 83' lang='lat' dir='ltr'><strong>Rossbach</strong></span> <span class='ocrx_word' id='word_1_254' title='bbox 727 2218 759 2245; x_wconf 86' lang='lat' dir='ltr'><strong>et</strong></span> <span class='ocrx_word' id='word_1_255' title='bbox 781 2214 1007 2254; x_wconf 85' lang='lat' dir='ltr'><strong>Westphal,</strong></span> <span class='ocrx_word' id='word_1_256' title='bbox 1029 2213 1152 2244; x_wconf 84' lang='lat' dir='ltr'><strong>Metrik</strong></span> <span class='ocrx_word' id='word_1_257' title='bbox 1175 2213 1199 2245; x_wconf 90' lang='grc' dir='ltr'><strong>Ι.</strong></span> <span class='ocrx_word' id='word_1_258' title='bbox 1221 2223 1253 2253; x_wconf 82' lang='grc' dir='ltr'><strong>Ρ.</strong></span> <span class='ocrx_word' id='word_1_259' title='bbox 1275 2212 1336 2244; x_wconf 93' lang='grc'><strong>276</strong></span> <span class='ocrx_word' id='word_1_260' title='bbox 1358 2212 1447 2251; x_wconf 87' lang='lat' dir='ltr'><strong>(edit.</strong></span> <span class='ocrx_word' id='word_1_261' title='bbox 1468 2213 1532 2253; x_wconf 82' lang='lat' dir='ltr'><strong>IL).</strong></span> 
     </span>
     <span class='ocr_line' id='line_1_34' title="bbox 160 2265 1532 2308; baseline -0.001 -9"><span class='ocrx_word' id='word_1_262' title='bbox 160 2267 394 2308; x_wconf 86' lang='lat' dir='ltr'><strong>Westphal,</strong></span> <span class='ocrx_word' id='word_1_263' title='bbox 424 2266 540 2299; x_wconf 82' lang='lat' dir='ltr'><strong>Gesch.</strong></span> <span class='ocrx_word' id='word_1_264' title='bbox 570 2266 629 2298; x_wconf 87' lang='lat' dir='ltr'><strong>der</strong></span> <span class='ocrx_word' id='word_1_265' title='bbox 654 2267 710 2299; x_wconf 83' lang='lat' dir='ltr'><strong>alt.</strong></span> <span class='ocrx_word' id='word_1_266' title='bbox 742 2266 808 2297; x_wconf 89' lang='lat' dir='ltr'><strong>und</strong></span> <span class='ocrx_word' id='word_1_267' title='bbox 837 2266 996 2299; x_wconf 83' lang='lat' dir='ltr'><strong>mittelalt.</strong></span> <span class='ocrx_word' id='word_1_268' title='bbox 1019 2265 1128 2297; x_wconf 89' lang='lat' dir='ltr'><strong>Musik</strong></span> <span class='ocrx_word' id='word_1_269' title='bbox 1156 2276 1187 2306; x_wconf 91' lang='lat' dir='ltr'><strong>p.</strong></span> <span class='ocrx_word' id='word_1_270' title='bbox 1218 2265 1289 2298; x_wconf 87' lang='lat'><strong>138.</strong></span> <span class='ocrx_word' id='word_1_271' title='bbox 1332 2265 1469 2297; x_wconf 89' lang='lat' dir='ltr'><strong>Ulrici</strong></span> <span class='ocrx_word' id='word_1_272' title='bbox 1490 2265 1532 2297; x_wconf 91' lang='grc' dir='ltr'><strong>ΙΙ.</strong></span> 
     </span>
     <span class='ocr_line' id='line_1_35' title="bbox 159 2320 464 2361; baseline -0.003 -10"><span class='ocrx_word' id='word_1_273' title='bbox 159 2331 190 2361; x_wconf 91' lang='lat' dir='ltr'><strong>p.</strong></span> <span class='ocrx_word' id='word_1_274' title='bbox 213 2320 284 2352; x_wconf 88' lang='grc'><strong>216.</strong></span> <span class='ocrx_word' id='word_1_275' title='bbox 306 2323 373 2352; x_wconf 84' lang='lat' dir='ltr'><strong>not.</strong></span> <span class='ocrx_word' id='word_1_276' title='bbox 396 2321 464 2351; x_wconf 88' lang='lat'>144.</span> 
     </span>
    </p>

    <p class='ocr_par' dir='ltr' id='par_1_8' title="bbox 159 2374 1532 2524">
     <span class='ocr_line' id='line_1_36' title="bbox 286 2374 1532 2419; baseline -0.002 -11"><span class='ocrx_word' id='word_1_277' title='bbox 286 2378 311 2419; x_wconf 74' lang='lat'><strong>⁴)</strong></span> <span class='ocrx_word' id='word_1_278' title='bbox 336 2377 473 2408; x_wconf 85' lang='lat' dir='ltr'><strong>Alcman</strong></span> <span class='ocrx_word' id='word_1_279' title='bbox 497 2376 530 2408; x_wconf 93' lang='lat' dir='ltr'><strong>in</strong></span> <span class='ocrx_word' id='word_1_280' title='bbox 554 2376 749 2409; x_wconf 84' lang='lat' dir='ltr'><strong>carminibus</strong></span> <span class='ocrx_word' id='word_1_281' title='bbox 770 2376 965 2407; x_wconf 89' lang='lat' dir='ltr'><strong>mentionem</strong></span> <span class='ocrx_word' id='word_1_282' title='bbox 982 2376 1059 2408; x_wconf 83' lang='lat' dir='ltr'><strong>facit</strong></span> <span class='ocrx_word' id='word_1_283' title='bbox 1070 2376 1269 2418; x_wconf 87' lang='lat' dir='ltr'><strong>Polymnesti</strong></span> <span class='ocrx_word' id='word_1_284' title='bbox 1284 2375 1382 2416; x_wconf 71' lang='lat' dir='ltr'><strong>(Plut.</strong></span> <span class='ocrx_word' id='word_1_285' title='bbox 1398 2374 1437 2406; x_wconf 87' lang='lat' dir='ltr'><strong>de</strong></span> <span class='ocrx_word' id='word_1_286' title='bbox 1452 2383 1532 2407; x_wconf 88' lang='lat' dir='ltr'><strong>mus.</strong></span> 
     </span>
     <span class='ocr_line' id='line_1_37' title="bbox 159 2428 1532 2472; baseline -0.002 -10"><span class='ocrx_word' id='word_1_287' title='bbox 159 2440 185 2464; x_wconf 80' lang='lat' dir='ltr'><strong>c.</strong></span> <span class='ocrx_word' id='word_1_288' title='bbox 210 2431 236 2462; x_wconf 41' lang='lat'><strong>5.</strong></span> <span class='ocrx_word' id='word_1_289' title='bbox 263 2441 294 2472; x_wconf 86' lang='lat' dir='ltr'><strong>p.</strong></span> <span class='ocrx_word' id='word_1_290' title='bbox 317 2432 352 2470; x_wconf 88' lang='lat'><strong>5,</strong></span> <span class='ocrx_word' id='word_1_291' title='bbox 381 2430 452 2468; x_wconf 86' lang='grc'><strong>25),</strong></span> <span class='ocrx_word' id='word_1_292' title='bbox 480 2438 574 2470; x_wconf 91' lang='lat' dir='ltr'><strong>quem</strong></span> <span class='ocrx_word' id='word_1_293' title='bbox 597 2429 702 2470; x_wconf 89' lang='lat' dir='ltr'><strong>ipsum</strong></span> <span class='ocrx_word' id='word_1_294' title='bbox 724 2428 990 2461; x_wconf 84' lang='lat' dir='ltr'><strong>Lacedaemoniis</strong></span> <span class='ocrx_word' id='word_1_295' title='bbox 1013 2438 1142 2461; x_wconf 88' lang='lat' dir='ltr'><strong>carmen</strong></span> <span class='ocrx_word' id='word_1_296' title='bbox 1165 2429 1199 2461; x_wconf 90' lang='lat' dir='ltr'><strong>in</strong></span> <span class='ocrx_word' id='word_1_297' title='bbox 1222 2428 1393 2461; x_wconf 84' lang='lat' dir='ltr'><strong>Thaletam</strong></span> <span class='ocrx_word' id='word_1_298' title='bbox 1417 2428 1532 2461; x_wconf 87' lang='lat' dir='ltr'><strong>fecisse</strong></span> 
     </span>
     <span class='ocr_line' id='line_1_38' title="bbox 159 2480 1129 2524; baseline -0.002 -8"><span class='ocrx_word' id='word_1_299' title='bbox 159 2484 340 2516; x_wconf 87' lang='lat' dir='ltr'><strong>Pausanias</strong></span> <span class='ocrx_word' id='word_1_300' title='bbox 361 2487 473 2515; x_wconf 85' lang='lat' dir='ltr'><strong>auctor</strong></span> <span class='ocrx_word' id='word_1_301' title='bbox 496 2486 546 2514; x_wconf 89' lang='lat' dir='ltr'><strong>est</strong></span> <span class='ocrx_word' id='word_1_302' title='bbox 568 2483 604 2524; x_wconf 88' lang='lat' dir='ltr'><strong>(I.</strong></span> <span class='ocrx_word' id='word_1_303' title='bbox 629 2483 676 2522; x_wconf 91' lang='lat'><strong>14,</strong></span> <span class='ocrx_word' id='word_1_304' title='bbox 699 2483 728 2515; x_wconf 87' lang='grc'><strong>3.</strong></span> <span class='ocrx_word' id='word_1_305' title='bbox 750 2483 773 2515; x_wconf 94' lang='grc' dir='ltr'><strong>Ι.</strong></span> <span class='ocrx_word' id='word_1_306' title='bbox 799 2493 830 2523; x_wconf 90' lang='lat' dir='ltr'><strong>p.</strong></span> <span class='ocrx_word' id='word_1_307' title='bbox 853 2483 894 2514; x_wconf 89' lang='lat'><strong>35</strong></span> <span class='ocrx_word' id='word_1_308' title='bbox 916 2480 963 2512; x_wconf 34' lang='lat' dir='ltr'><strong>ed.</strong></span> <span class='ocrx_word' id='word_1_309' title='bbox 987 2481 1129 2522; x_wconf 83' lang='lat' dir='ltr'><strong>Kuhn).</strong></span> 
     </span>
    </p>

    <p class='ocr_par' dir='ltr' id='par_1_9' title="bbox 287 2539 1233 2581">
     <span class='ocr_line' id='line_1_39' title="bbox 287 2539 1233 2581; baseline -0.002 -8"><span class='ocrx_word' id='word_1_310' title='bbox 287 2541 310 2581; x_wconf 91' lang='lat'><strong>⁵)</strong></span> <span class='ocrx_word' id='word_1_311' title='bbox 334 2541 541 2573; x_wconf 85' lang='lat' dir='ltr'><strong>Hermann</strong></span> <span class='ocrx_word' id='word_1_312' title='bbox 563 2540 584 2573; x_wconf 84' lang='lat' dir='ltr'><strong>l.</strong></span> <span class='ocrx_word' id='word_1_313' title='bbox 606 2540 627 2573; x_wconf 90' lang='lat' dir='ltr'><strong>l.</strong></span> <span class='ocrx_word' id='word_1_314' title='bbox 648 2551 681 2581; x_wconf 89' lang='lat' dir='ltr'><strong>p.</strong></span> <span class='ocrx_word' id='word_1_315' title='bbox 704 2540 754 2573; x_wconf 85' lang='lat'><strong>69.</strong></span> <span class='ocrx_word' id='word_1_316' title='bbox 798 2539 1019 2580; x_wconf 82' lang='lat' dir='ltr'><strong>Westphal</strong></span> <span class='ocrx_word' id='word_1_317' title='bbox 1040 2539 1062 2572; x_wconf 82' lang='lat'><strong>1.</strong></span> <span class='ocrx_word' id='word_1_318' title='bbox 1084 2539 1106 2572; x_wconf 84' lang='lat' dir='ltr'><strong>l.</strong></span> <span class='ocrx_word' id='word_1_319' title='bbox 1126 2550 1159 2581; x_wconf 82' lang='lat' dir='ltr'><strong>p.</strong></span> <span class='ocrx_word' id='word_1_320' title='bbox 1181 2539 1233 2572; x_wconf 85' lang='lat'><strong>64.</strong></span> 
     </span>
    </p>
   </div>
   <div class='ocr_carea' id='block_1_6' title="bbox 284 2597 1068 2641">
    <p class='ocr_par' dir='ltr' id='par_1_10' title="bbox 284 2597 1068 2641">
     <span class='ocr_line' id='line_1_40' title="bbox 284 2597 1068 2641; baseline -0.003 -10"><span class='ocrx_word' id='word_1_321' title='bbox 284 2600 309 2641; x_wconf 67' lang='grc' dir='ltr'><strong>ὅ)</strong></span> <span class='ocrx_word' id='word_1_322' title='bbox 332 2599 486 2632; x_wconf 82' lang='lat' dir='ltr'><strong>Muller</strong></span> <span class='ocrx_word' id='word_1_323' title='bbox 506 2598 528 2631; x_wconf 90' lang='grc'><strong>1.</strong></span> <span class='ocrx_word' id='word_1_324' title='bbox 550 2610 581 2641; x_wconf 94' lang='lat' dir='ltr'><strong>p.</strong></span> <span class='ocrx_word' id='word_1_325' title='bbox 605 2598 676 2631; x_wconf 86' lang='grc'><strong>268.</strong></span> <span class='ocrx_word' id='word_1_326' title='bbox 721 2598 857 2631; x_wconf 91' lang='lat' dir='ltr'><strong>Ulrici</strong></span> <span class='ocrx_word' id='word_1_327' title='bbox 878 2597 920 2631; x_wconf 90' lang='grc' dir='ltr'><strong>ΙΙ.</strong></span> <span class='ocrx_word' id='word_1_328' title='bbox 941 2608 974 2639; x_wconf 89' lang='lat' dir='ltr'><strong>p.</strong></span> <span class='ocrx_word' id='word_1_329' title='bbox 996 2597 1068 2630; x_wconf 84' lang='lat'><strong>342.</strong></span> 
     </span>
    </p>
   </div>
  </div>
 </body>
</html>
