1728 2976
848 120 895 156 45

189 249 320 284 turam
350 246 494 295 optime
523 244 697 296 declarat
725 245 884 283 Proclus
902 244 953 296 :¹)
973 242 1059 289 vEt'g
1085 242 1203 287 θεοὺς
1231 242 1274 282 δὲ·
1307 242 1372 281 καὶ
1407 239 1558 294 ἀνθρώ-

187 325 289 359 πους
315 312 522 365 παρθένια.
564 312 713 350 Eadem
748 312 796 350 de
831 325 950 350 causa
984 312 1128 349 cantici
1164 312 1348 350 amatorii
1380 311 1559 349 inventor

190 382 353 421 Alcman
379 381 626 431 laudatur‚²)
655 393 893 430 quamquam
927 380 1042 419 huius
1078 380 1229 429 generis
1264 379 1438 418 carmina
1470 392 1559 429 pro-

187 451 272 501 prie
306 450 435 497 dicta,
469 449 602 498 qualia
629 449 762 486 Alcaei
791 452 830 486 et
857 449 1114 486 Anacreontis
1143 447 1319 495 fuerunt,
1350 460 1437 486 eum
1465 448 1559 485 scri-

187 519 310 569 psisse
330 518 428 557 satis
448 516 609 556 dubium
629 519 698 556 est.
729 506 925 563 Quantam
942 529 1033 555 vero
1054 516 1218 566 gloriam
1239 516 1299 554 his
1321 514 1558 555 carminibus

188 588 262 627 sibi
293 587 493 637 paraverit
525 590 644 636 atque
680 589 921 636 quantopere
955 599 1092 625 sonum
1127 586 1317 625 sermonis
1345 584 1559 636 virginibus

188 655 434 706 aptissimum
470 667 621 704 semper
654 654 866 702 invenerit,
900 654 1037 693 laudes
1066 657 1106 692 et
1133 654 1356 693 testimonia
1383 658 1558 694 veterum

189 725 423 774 scriptorum
456 722 610 761 abunde
648 722 914 773 comprobant.
940 720 976 760 ‘O
1004 718 1164 775 ἄριστος
1189 723 1316 771 μελῶν
1342 720 1508 775 ποιητής
1536 736 1559 763 a

187 792 398 831 Plutarcho
410 791 441 843 ⁵)
464 791 689 841 appellatur
713 795 752 829 et
773 791 823 829 ab
845 791 1018 830 Aristide
1031 791 1063 843 4)
1086 789 1204 835 ὁτῶν
1224 790 1429 843 παρθένων
1447 789 1559 830 ἐπαι-

186 859 296 913 νέτης
321 874 364 898 τε
395 859 461 899 καὶ
497 856 725 909 σύμβουλος.
761 859 869 898 Idem
905 859 1125 909 significant
1160 859 1351 910 epitheta,
1386 872 1485 909 quae
1519 860 1559 897 in

192 929 488 981 epigrammatis
518 929 554 967 ei
581 927 875 977 adscribuntur,
903 931 948 966 ut
975 928 1234 980 Leonidae:⁵)
1302 920 1305 922 ¹

380 996 457 1035 Τὸν
484 995 650 1049 χαρίεντ’
675 993 889 1045 Ἀλκμᾶνα.
903 1027 931 1035 ..
984 1001 986 1003 ’

190 1070 229 1105 et
256 1066 438 1117 anonymi
465 1066 505 1104 in
533 1078 670 1104 novem
696 1065 840 1115 lyricos
869 1065 1108 1119 Graecos:⁶)

373 1134 610 1186 ’θηλυμελεΐς
633 1130 845 1182 Ἀλκμᾶνος
872 1129 1032 1185 ἇήδονες
1043 1165 1050 1173 .
1060 1165 1068 1173 .
1080 1165 1088 1173 .

189 1206 229 1242 et
255 1203 296 1241 in
323 1203 401 1242 alio
430 1201 602 1241 eiusdem
630 1203 870 1252 argumenti:
887 1202 915 1254 ⁷)

376 1266 420 1322 ἦν
445 1269 583 1321 γλυκὺς
606 1267 786 1319 Ἀλκμάν.
1453 1320 1455 1322 ¹

294 1339 533 1389 Cognomina
558 1339 672 1387 haec,
694 1352 795 1389 quae
822 1352 892 1389 per
921 1353 961 1378 se
989 1340 1201 1380 abhorrent
1229 1354 1253 1379 a
1281 1342 1489 1380 severitate
1519 1344 1558 1380 et

189 1408 422 1446 austeritate
449 1408 664 1455 Laconica,
700 1405 995 1457 partheniorum
1031 1413 1174 1448 natura
1213 1420 1333 1459 supra
1361 1410 1558 1459 descripta

189 1475 455 1525 explicantur3
485 1488 722 1525 quamquam
755 1477 890 1526 negari
927 1490 1005 1515 non
1036 1481 1184 1527 potest,
1224 1478 1450 1517 Alc-manem
1484 1478 1558 1516 hac

188 1544 317 1595 poesis
345 1545 474 1594 gratia
502 1547 542 1582 et
569 1543 771 1582 dulcedine
808 1545 932 1594 poetis
959 1545 1128 1583 Aeolicis
1164 1547 1426 1595 propinquum
1461 1558 1557 1585 esse.

188 1612 234 1652 Id
260 1613 405 1664 ipsum,
443 1612 547 1663 quod
580 1613 620 1651 in
653 1612 806 1664 hymnis
840 1613 974 1652 aliisve
1011 1613 1249 1653 carminibus
1279 1615 1469 1665 gravioris
1497 1628 1559 1654 ar-

187 1682 361 1731 gumenti
393 1682 516 1731 ipsius
549 1685 689 1731 poetae
726 1689 861 1729 sensus
889 1685 929 1720 et
955 1682 1118 1721 affectus
1146 1687 1351 1733 emergunt
1379 1684 1491 1733 quasi
1519 1687 1558 1722 et

188 1753 415 1800 erumpunt,
444 1749 646 1788 inclinatio
669 1749 862 1800 quaedam
890 1753 930 1788 et
958 1751 1156 1790 concessio
1183 1751 1235 1790 ad
1262 1751 1431 1791 indolem
1461 1752 1558 1790 Aeo-

186 1817 302 1855 licam
329 1818 506 1867 putanda
534 1821 616 1865 est;
646 1830 746 1867 quae
780 1831 890 1865 vero,
927 1818 959 1857 si
987 1819 1175 1868 originem
1204 1819 1403 1858 Alcmanis
1436 1821 1558 1869 respi-

167 1885 325 1942 cimus,
361 1886 393 1924 si
427 1888 617 1935 quantum
652 1885 878 1935 Terpander
906 1885 1068 1925 Lesbius
1097 1887 1257 1936 eiusque
1286 1887 1466 1937 discipuli
1493 1900 1558 1925 va-

186 1953 332 1991 luerint
358 1953 410 1992 ad
437 1953 689 1992 excolendam
727 1953 891 2002 Spartae
928 1958 1054 1992 artem
1088 1954 1269 2005 lyricam,
1311 1959 1556 2005 reputamus,

186 2021 283 2074 nihil
312 2021 582 2061 admirationis
610 2020 762 2061 efficere
790 2024 932 2072 potest.
959 2045 1012 2050 —

294 2204 320 2240 1)
344 2202 364 2234 1.
385 2202 407 2235 1.
426 2212 458 2243 p.
478 2202 549 2234 386.

292 2266 320 2303 ²)
345 2264 404 2297 cfr.
424 2264 567 2297 Athen.
586 2265 675 2297 XIII.
694 2274 727 2306 p.
746 2265 808 2297 600
818 2265 856 2297 F.
886 2264 999 2298 Suid.
1019 2273 1046 2297 S.
1065 2275 1096 2298 V.
1114 2263 1273 2312 Ἀλκμάν.

294 2328 317 2370 ³)
340 2327 380 2360 de
399 2337 480 2361 mus.
501 2338 528 2362 e.
549 2329 595 2359 14.

292 2393 317 2432 1²)
340 2392 380 2423 11.
400 2394 449 2423 40.

296 2455 318 2497 ⁵)
340 2454 497 2491 Iacobs,
519 2454 652 2487 Anthol.
674 2455 699 2488 l.
718 2465 750 2497 Γ.
768 2456 840 2489 311.

293 2519 319 2559 ὃ)
342 2518 419 2551 ibid.
439 2518 480 2550 11.
499 2529 531 2559 p.
551 2518 602 2552 62.

294 2583 319 2622 ἵ)
342 2581 420 2615 ibid.
439 2581 482 2616 11.
500 2564 533 2624 ρ’.
553 2581 625 2615 203.
