1728 2976
838 142 885 178 25

183 265 271 318 (frg.
304 267 465 317 1—11);
502 279 620 316 quam
647 266 837 317 Bergkius
863 267 904 305 in
930 267 1010 305 tria
1037 266 1123 305 cola
1150 265 1420 315 distinguit31)
1455 277 1545 303 con—

181 336 261 373 stat
287 347 376 373 vero
395 347 443 372 ex
469 334 712 384 heptametro
733 334 943 384 dactylico,
970 347 1085 384 quem
1106 334 1303 372 Alcmanis
1322 345 1405 371 esse
1425 345 1543 382 supra

181 401 409 454 diximus,²)
439 406 479 441 et
506 402 656 441 duabus
682 403 862 453 tripodiis
889 402 1081 449 iambicis,
1111 414 1276 451 quarum
1295 401 1421 438 altera
1440 404 1546 438 cata—

181 470 322 509 lectica
350 471 495 509 exitum
523 471 648 509 lenem
677 475 716 510 et
743 475 879 521 aptum
907 471 1038 510 efficit.
1067 470 1249 509 Brevium
1270 469 1410 507 harum
1435 469 1467 507 si
1487 469 1545 507 ita

180 538 272 577 licet
297 539 498 578 nominare
526 538 775 589 stropharum
802 539 951 590 plures,
977 539 1018 578 id
1036 538 1142 590 quod
1161 538 1211 577 ad
1229 537 1344 576 finem
1365 537 1543 577 choricae

180 607 344 645 actionis
382 608 644 645 necessarium
682 611 758 655 est,
798 609 839 646 in
875 608 1041 646 maiores
1075 607 1279 657 pericopas
1315 607 1545 644 coniunctae

181 678 311 722 erant,
337 688 501 724 quarum
525 679 658 713 tamen
677 674 764 714 finis
783 675 943 714 metrice
962 687 1038 714 nou
1058 678 1144 713 erat
1163 675 1394 724 descriptus.
1423 673 1545 719 Quem

182 742 338 781 modum
366 743 652 793 componendae
683 743 866 794 strophae
895 743 944 782 ab
973 742 1204 781 Archilocho
1231 743 1430 781 inventum
1459 742 1547 779 Alc-

180 824 271 849 man
297 812 444 861 primus
480 812 520 849 in
555 812 729 850 carmina
765 811 921 850 chorica
957 811 1130 858 induxit,
1165 814 1270 849 certe
1307 823 1437 858 nemo,
1478 810 1544 859 qui

180 883 271 919 ante
299 893 385 919 eum
414 881 453 918 in
480 881 588 930 poesi
616 880 862 919 Doriensium
888 880 1043 919 chorica
1069 880 1143 918 hoc
1169 880 1385 927 novaverit,
1415 877 1545 918 afferri

180 952 322 999 potest.
351 950 534 987 Attamen
562 949 595 987 si
623 949 786 987 Alcman
813 950 853 988 in
880 949 952 988 hoc
981 950 1177 996 stetisset,
1204 949 1289 987 iure
1309 962 1396 986 eum
1415 949 1546 986 inven-

180 1021 305 1055 torem
334 1017 518 1066 strophae
545 1017 707 1055 laudare
735 1030 811 1055 non
839 1030 1050 1067 possemus.
1081 1017 1156 1055 Sed
1184 1017 1309 1066 primo
1335 1017 1447 1066 quasi
1467 1017 1543 1054 iam

180 1084 367 1135 adspectu
391 1098 438 1123 ex
457 1085 683 1135 fragmentis
705 1086 856 1136 longius
881 1086 1115 1136 processisse
1143 1085 1401 1135 cognoscitur.
1429 1085 1546 1123 Prae-

183 1155 245 1190 ter
273 1165 318 1190 ea
348 1154 447 1190 enim
477 1166 576 1202 quae
604 1154 770 1191 diximus
799 1155 971 1192 carmina
998 1152 1095 1192 κατὰ
1121 1153 1251 1202 στίχον
1273 1157 1342 1191 aut
1365 1166 1412 1191 ex
1436 1153 1547 1191 disti-

180 1219 262 1259 chis
283 1221 499 1270 composita
517 1234 594 1260 non
614 1222 737 1260 solum
767 1225 980 1272 systemata
1005 1222 1183 1269 metrica,
1211 1221 1279 1260 sed
1304 1221 1422 1260 etiam
1447 1233 1545 1271 quas

181 1290 375 1327 strictiore
403 1291 557 1328 nomine
586 1303 767 1329 vocamus
796 1291 977 1341 strophas
1005 1292 1148 1341 lyricas
1175 1291 1403 1328 invenimus.
1437 1289 1544 1335 Quae

179 1357 448 1408 rhythmorum
477 1357 623 1396 formae
652 1359 744 1408 quia
773 1358 951 1397 choricae
978 1359 1085 1409 poesi
1112 1362 1272 1409 propter
1298 1358 1544 1397 coniunctam

179 1426 387 1465 melodiam
416 1430 455 1465 et
483 1427 729 1465 saltationem
769 1428 935 1466 maxime
969 1431 1084 1477 aptae
1118 1432 1234 1477 atque
1268 1425 1545 1466 accomodatae

180 1496 220 1531 et
248 1506 271 1532 a
297 1494 424 1544 poetis
453 1493 617 1532 choricis
645 1498 781 1544 postea
816 1495 921 1533 solae
958 1499 1049 1532 sunt
1082 1498 1311 1545 usurpatae,
1350 1506 1428 1531 non
1460 1506 1547 1543 per-

177 1575 311 1611 peram
332 1562 508 1601 Clemens
527 1563 814 1602 Alexandrinus
833 1564 1059 1603 Alcmanem
1074 1596 1082 1611 ,
1110 1565 1176 1613 qui
1200 1564 1348 1613 primus
1376 1563 1424 1601 iis
1452 1575 1546 1601 usus

179 1629 247 1678 sit,
281 1629 521 1669 inventorem
550 1630 674 1679 chori,
715 1643 829 1681 quem
858 1632 938 1676 sine
967 1631 1083 1670 dubio
1112 1644 1189 1670 non
1216 1630 1426 1681 ignorabat
1455 1633 1545 1668 ante

179 1698 404 1737 Alcmanem
432 1698 568 1747 fuisse,
597 1700 801 1749 praedicat
828 1701 1020 1752 dicens:·⁹’)
1043 1699 1213 1752 Χορείαν
1229 1697 1398 1749 Ἀλκμὰν
1416 1702 1546 1737 Λακε-

180 1762 380 1813 δαιμόνιος
408 1779 458 1804 sc.
488 1763 703 1818 ἐπενόησεν.
733 1768 868 1817 Neque
896 1769 1023 1805 minus
1050 1769 1197 1817 optimo
1222 1769 1305 1805 iure
1332 1768 1372 1805 in
1401 1779 1546 1805 canone

178 1847 293 1883 quem
320 1839 460 1872 vocant
486 1839 691 1885 poetarum
717 1836 926 1886 lyricorum
946 1836 1207 1874 Alexandrino
1227 1836 1397 1886 primum
1416 1835 1545 1874 locum

178 1901 346 1950 obtinet,
380 1915 499 1952 quum
533 1903 699 1941 formam
733 1904 841 1942 illam
879 1905 1114 1951 carminum,
1152 1917 1269 1954 quam
1305 1917 1329 1943 a
1362 1903 1544 1951 Pindaro,

180 1970 393 2018 Simonide,
429 1971 516 2009 aliis
550 1973 673 2021 magis
708 1976 863 2011 tantum
896 1973 1091 2011 excultam
1127 1977 1165 2011 et
1194 1975 1374 2011 ornatam
1411 1972 1546 2010 etiam-

177 2050 280 2076 nunc
321 2038 579 2087 admiramur,
620 2041 768 2089 primus
810 2041 1011 2080 creaverit.
1066 2040 1325 2086 Quamobrem
1368 2039 1545 2090 profecto

179 2118 321 2157 operae
349 2107 519 2157 pretium
547 2111 623 2156 est,
657 2120 781 2158 neque
808 2120 952 2158 parvae
986 2111 1024 2146 et
1057 2108 1249 2158 voluptati
1288 2112 1326 2146 et
1359 2107 1544 2156 utilitati,

179 2187 257 2223 qua
283 2175 435 2213 ratione
461 2176 544 2225 ipse
571 2179 708 2214 auctor
736 2179 948 2225 systemata
981 2180 1020 2214 et
1049 2176 1231 2225 strophas
1260 2177 1541 2226 composuerit,

178 2254 409 2292 cognoscere
436 2243 648 2293 paucisque
677 2242 909 2283 describere.

288 2440 308 2479 ¹)
332 2438 390 2493 cfr.
412 2438 545 2479 Bergk
567 2438 608 2471 ad
632 2439 691 2479 frg.
717 2441 742 2470 1.

284 2519 306 2556 ²)
331 2517 386 2548 cfr.
409 2528 441 2558 p.
463 2517 513 2549 20.

285 2596 308 2635 ³)
332 2596 533 2628 Stromata
554 2596 584 2636 Ι,
609 2597 657 2628 16.
678 2606 711 2636 p.
732 2596 795 2628 365
818 2596 867 2627 ed.
891 2596 1032 2628 Potter.
