1728 2976
845 160 890 195 18

181 282 438 331 describitur,
472 286 517 321 ut
550 284 601 322 sit
636 287 877 322 monometer
910 285 1132 324 trochaicus
1166 297 1253 323 cum
1288 285 1471 323 anacrusi
1507 289 1546 324 et

181 350 518 401 Ithyphallicus.²)
549 350 698 389 Favent
715 350 806 389 huic
828 351 1006 389 divisioni
1034 364 1236 399 caesurae,
1267 365 1365 401 quae
1393 366 1546 402 semper

147 440 149 442 ·
180 421 219 457 et
245 419 286 456 in
313 419 442 468 prima
469 422 538 457 aut
566 418 738 457 secunda
764 420 843 457 arsi
871 432 1004 458 versus
1032 419 1280 470 Ithyphallici
1302 424 1341 458 et
1361 421 1401 459 in
1419 422 1545 471 prima

179 487 258 525 arsi
294 489 527 527 monometri
564 487 833 526 antecedentis
867 488 1018 537 positae
1055 492 1155 526 sunt.
1192 488 1453 538 Excipiendus
1486 493 1545 527 est

178 568 313 594 versus
342 555 532 594 secundus
560 555 632 606 frg.
663 559 730 604 74,
763 556 804 594 in
824 569 900 606 quo
921 569 1085 595 caesura
1102 560 1192 607 post
1212 556 1419 596 secundam
1438 558 1544 596 arsin

177 624 410 663 monometri
440 627 479 662 et
505 627 597 674 post
623 624 789 674 primam
824 624 1076 674 Ithyphallici
1110 626 1150 663 in
1184 626 1405 664 iuncturam
1433 638 1545 664 voca-

176 693 259 731 buli
289 693 494 743 compositi
523 691 647 742 cadit,
677 694 744 743 qui
763 706 854 731 vero
874 705 1024 741 versus,
1044 694 1077 732 si
1094 693 1304 732 iambicam
1322 708 1543 733 mensuram

178 762 393 811 sequimur,
414 762 518 800 omni
538 774 700 800 caesura
719 765 845 801 vacat.
866 761 1100 811 Tribrachys
1120 762 1238 800 semel
1257 763 1296 800 in
1314 763 1442 812 prima
1465 763 1543 801 arsi

176 830 427 881 Ithyphallici
464 830 657 870 admissus
695 833 764 869 est.
805 830 1037 880 Saepissime
1075 830 1192 869 etiam
1228 830 1414 869 diaeresis
1451 833 1541 880 post

175 902 462 938 monometrum
490 901 636 946 exstat,
665 902 709 937 ut
737 898 809 948 frg.
840 901 908 946 363
938 901 1006 946 813
1038 901 1103 946 74,
1137 902 1169 939 1.

286 970 513 1005 Tetrameter
541 970 773 1004 acatalectus
802 967 971 1006 occurrit
998 968 1039 1005 in
1073 967 1301 1017 fragmentis
1334 967 1466 1017 hymni
1499 968 1540 1006 in

175 1035 387 1073 Dioscuros
425 1037 488 1082 12,
528 1037 545 1071 1
583 1038 622 1072 et
661 1037 722 1082 13,
758 1047 922 1083 quorum
956 1035 1057 1073 alter
1091 1047 1179 1072 cum
1214 1034 1401 1083 diaeresi,
1440 1036 1541 1073 alter

176 1104 259 1142 sine
287 1103 454 1142 diaeresi
481 1103 631 1153 positus
659 1106 729 1143 est.
760 1103 878 1141 Cuius
905 1103 1022 1141 metri
1050 1103 1276 1142 Alcmanem
1299 1104 1539 1144 inventorem

174 1171 337 1210 laudare
364 1171 531 1210 fortasse
559 1171 671 1220 licet,
709 1183 829 1220 quum
856 1171 1030 1221 quidem,
1066 1175 1256 1221 quantum
1290 1184 1337 1210 ex
1364 1175 1540 1210 veterum

174 1241 330 1292 scriptis
357 1244 484 1292 patet,
512 1241 662 1291 primus
691 1253 736 1279 eo
764 1253 857 1278 usus
885 1239 1015 1280 fuerit.

285 1312 475 1361 Tripodia
496 1313 713 1347 acatalecta
732 1322 886 1347 versum
906 1309 1143 1349 constituere
1162 1309 1318 1348 videtur
1333 1309 1404 1358 frg.
1422 1312 1483 1354 86,
1502 1312 1539 1357 1;

171 1379 212 1417 in
239 1391 394 1418 versum
422 1377 672 1428 coniungitur
701 1390 788 1415 cum
812 1377 985 1427 tripodia
1004 1377 1235 1416 catalectica
1253 1378 1294 1416 in
1311 1377 1540 1427 fragmentis

170 1448 303 1497 hymni
337 1448 379 1484 in
414 1447 544 1484 Iovem
578 1446 792 1496 Lycaeum,
829 1447 937 1484 cuius
972 1445 1155 1495 strophae
1190 1447 1350 1484 tertium
1386 1459 1538 1483 versum

170 1515 300 1555 efficit.
316 1514 384 1554 cfr.
404 1514 477 1565 frg.
497 1517 528 1563 1,
545 1516 566 1552 3
580 1526 589 1562 ;
605 1517 646 1562 4;
664 1516 706 1561 6;
724 1517 757 1552 7.
784 1514 1007 1553 Priscianus
1024 1514 1127 1552 hunc
1145 1526 1300 1552 versum
1313 1514 1536 1552 trimetrum

171 1585 288 1624 iamb.
318 1584 434 1623 catal.
463 1583 654 1633 appellat,
670 1584 700 1634 2)
726 1583 835 1622 cuius
854 1586 996 1633 quarto
1015 1583 1100 1622 loco
1119 1582 1234 1622 modo
1253 1583 1404 1622 iambus
1424 1582 1539 1622 modo

170 1653 365 1706 spondeus
391 1653 544 1704 positus
572 1652 635 1691 sit.
674 1651 751 1691 Sed
784 1654 890 1691 recte
919 1651 1128 1702 Bergkius,
1165 1664 1285 1701 quum
1319 1652 1439 1690 ceteri
1472 1650 1539 1701 qui

171 1725 331 1761 exstant
358 1722 558 1760 Alcmanis
592 1721 762 1759 trimetri
793 1721 867 1759 hoc
900 1721 987 1760 loco
1022 1733 1174 1770 semper
1201 1720 1371 1759 iambum
1398 1733 1539 1771 purum

172 1790 429 1838 servaverint,
459 1802 506 1828 ex
535 1788 684 1828 duabus
713 1789 895 1839 tripodiis
932 1801 1019 1827 eum
1054 1789 1265 1828 consistere
1300 1788 1492 1838 cognovit.
1506 1786 1537 1839 ³)

169 1860 333 1897 Praeter
360 1871 406 1897 ea
435 1871 535 1908 quae
564 1858 682 1896 attuli
709 1860 836 1896 metra
863 1858 1015 1907 generis
1042 1856 1198 1895 iambici
1217 1857 1444 1895 Alcmanius
1471 1869 1539 1906 ap-

169 1927 342 1979 pellatur
378 1940 403 1965 a
439 1926 571 1966 Servio
581 1925 613 1978 4)
656 1929 818 1964 trimeter
860 1926 927 1977 qui
972 1929 1135 1965 vocatur
1170 1927 1536 1974 brachycatalectas,

173 2009 273 2046 quae
291 1996 530 2046 pentapodia
550 2009 574 2034 a
591 1996 719 2045 poetis
737 1995 870 2045 lyricis
890 1995 1119 2045 posterioris
1138 1995 1281 2034 aetatis
1299 1994 1405 2033 haud
1423 2006 1538 2044 saepe

169 2067 361 2115 usurpata
388 2068 458 2103 est.
471 2063 503 2116 ⁵)

271 2133 405 2183 Longe
432 2132 769 2182 frequentissimus
803 2133 844 2171 in
878 2132 1075 2171 Alcmanis
1103 2132 1331 2182 fragmentis
1359 2135 1418 2171 est
1444 2145 1537 2171 usus

166 2205 309 2239 numeri
337 2204 544 2250 dactylici,
581 2201 691 2240 cuius
728 2200 846 2239 etiam
882 2204 1009 2239 metra
1044 2200 1246 2251 complura
1281 2212 1421 2239 nomen
1455 2200 1536 2239 eius

168 2275 322 2320 gerunt.
354 2270 515 2321 Singula
542 2270 715 2309 breviter
741 2282 980 2320 percurram.

276 2415 296 2455 ¹)
319 2414 377 2447 cfr.
401 2413 537 2453 Munk‚
558 2413 681 2445 Metrik
704 2424 734 2454 p.
758 2413 809 2445 62.

274 2469 300 2507 ²)
323 2467 363 2498 de
384 2470 476 2498 metr.
502 2465 588 2496 Com.
611 2476 642 2506 p.
668 2465 756 2497 1328.

269 2519 295 2560 3)
317 2519 408 2551 Poet.
430 2518 489 2560 lyr.
513 2529 545 2559 p.
567 2518 637 2549 819.

271 2572 295 2612 ⁴)
319 2571 456 2604 Centim.
478 2582 508 2612 p.
535 2570 622 2602 1818.
657 2570 711 2602 cfr.
735 2570 829 2602 Mar.
852 2569 993 2601 Victor.
1018 2580 1049 2610 p.
1071 2569 1162 2603 2591.

272 2626 295 2664 ⁵)
319 2625 375 2656 cfr.
398 2624 523 2656 Munk
547 2635 578 2665 p.
602 2625 651 2656 64.
