1728 2976
837 129 885 165 47

739 182 987 197 ———.„—

179 260 224 294 ut
251 255 323 305 frg.
354 258 421 303 33,
455 254 522 293 ubi
556 267 597 292 se
630 254 755 303 ipsum
783 250 994 305 πάμφαγον
1021 253 1253 304 appellat,¹)
1291 256 1395 292 certe
1423 253 1546 292 Laco-

178 324 290 362 nicae
319 323 561 361 educationis
589 322 625 359 vi
654 321 792 359 effecta
821 325 890 359 est.
901 322 931 371 2)

235 426 237 428 ,
284 390 431 437 Quibus
459 390 698 439 argumentis
726 390 759 427 si
787 389 983 437 addimus,
1009 393 1157 438 quanta
1183 389 1303 445 fuerit
1331 390 1412 428 eius
1440 389 1546 439 apud

180 459 394 509 Spartanos
422 458 636 498 auctoritas
665 460 704 495 et
733 457 874 506 gloria,
903 458 960 495 ita
987 461 1031 495 ut
1059 458 1232 496 carmina
1260 458 1341 496 eius
1368 446 1438 507 per
1463 470 1547 496 sae-

138 556 140 558 -
179 527 268 565 cula
291 528 333 565 in
353 526 654 577 Gymnopaediis
684 527 975 576 canerentur,3)
1004 529 1049 563 ut
1076 531 1365 564 monumentum
1396 526 1478 564 eius
1505 526 1546 564 in

177 597 262 646 ipso
290 595 374 634 soro
403 595 521 634 etiam
556 594 772 633 Pausaniae
808 593 1049 644 temporibus
1083 594 1312 646 exstaret,4)
1348 594 1546 632 Alcmanis

177 664 311 713 poesin
340 664 495 701 omnino
523 666 704 700 naturam
740 666 779 699 et
811 662 980 700 indolem
1008 663 1404 700 Lacedaemoniorum
1440 676 1547 700 secu-

176 735 257 769 tam
294 743 377 769 esse
411 742 622 779 eorumque
655 729 828 767 moribus
864 732 903 767 et
936 729 1090 778 ingenio
1125 730 1269 778 optime
1304 730 1545 776 convenisse,

177 799 273 837 satis
301 801 478 848 apparet.
519 797 631 843 Quod
659 797 691 835 si
719 799 891 844 constat,
921 797 1057 846 negari
1085 800 1215 835 tamen
1243 798 1396 847 nequit,
1425 797 1545 836 inter-

177 866 269 905 dum
297 879 402 914 eum,
431 868 476 904 ut
503 865 689 912 dialecto,
719 865 777 903 ita
801 865 928 915 poesis
955 867 1099 903 natura
1127 865 1294 903 Aeolicis
1312 866 1438 915 poetis
1457 878 1546 915 pro-

176 935 364 984 pinquum
393 947 487 971 esse.
517 934 601 971 Iam
629 946 748 982 supra
775 946 862 971 eum
891 946 1007 982 saepe
1027 946 1116 971 suos
1134 933 1257 982 ipsius
1277 933 1438 972 affectus
1459 934 1547 972 cho-

176 1002 268 1041 ricis
297 1001 532 1040 carminibus
559 1001 733 1039 intexere
768 1000 1097 1051 cognovimus,⁵)'
1116 1000 1158 1038 id
1193 1000 1299 1049 quod
1333 1014 1357 1039 a
1391 1001 1548 1039 chorica

175 1070 284 1120 poesi
302 1070 533 1119 posterioris
553 1070 695 1107 aetatis
714 1068 911 1107 abhorret.
946 1069 1077 1107 Nihilo
1098 1069 1225 1118 magis
1244 1068 1409 1107 dulcedo
1430 1083 1547 1119 quae-

176 1137 266 1176 dam
301 1141 340 1176 et
376 1137 559 1175 mollities
594 1137 713 1175 animi
751 1138 1110 1187 sententiarumque
1139 1150 1162 1175 a
1190 1137 1382 1175 Laconica
1417 1138 1546 1176 indole

175 1206 303 1244 aliena
331 1206 528 1244 nonnullis
549 1207 632 1244 eius
652 1206 880 1255 fragmentis
900 1206 1020 1244 adimi
1039 1209 1180 1256 potest.
1195 1206 1225 1252 6)
1247 1205 1359 1244 Unde
1379 1206 1411 1245 si
1431 1219 1545 1256 quem

174 1274 303 1312 locum
338 1275 378 1311 in
410 1274 573 1312 historia
607 1275 704 1311 artis
741 1274 884 1323 lyricae
912 1274 1077 1311 Alcman
1111 1277 1259 1321 teneat,
1295 1274 1546 1312 statuendum

176 1346 250 1390 est,
281 1341 377 1380 duas
405 1342 494 1380 illas
521 1345 673 1391 partes,
710 1342 750 1379 in
785 1355 881 1391 quas
914 1342 1042 1391 poesis
1075 1342 1199 1391 lyrica
1234 1342 1340 1392 apud
1376 1342 1546 1381 Graecos

175 1410 373 1457 discessit,
403 1410 598 1447 choricam
626 1413 665 1447 et
692 1409 889 1456 melicam,
917 1410 957 1447 in
978 1410 1174 1448 Alcmanis
1196 1410 1434 1448 carminibus
1453 1424 1547 1449 non-

175 1479 267 1516 dum
295 1478 505 1527 diligenter
533 1481 572 1515 et
600 1482 783 1515 accurate
803 1476 946 1515 divisas
966 1481 1083 1527 atque
1103 1477 1307 1516 distincta-s
1328 1491 1429 1526 esse,
1451 1479 1546 1517 satis

175 1551 279 1585 certe
307 1546 551 1595 intelligitur.
581 1546 701 1584 Recte
729 1546 869 1595 igitur,
899 1549 938 1583 et
966 1537 1096 1584 aetate
1126 1548 1304 1596 superior
1333 1550 1373 1585 et
1400 1551 1546 1586 utram-

144 1646 147 1648 .
176 1628 250 1665 que
279 1616 376 1654 artis
403 1615 548 1664 lyricae
576 1617 729 1664 partem
758 1618 932 1662 secutus,
961 1615 1002 1652 in
1031 1628 1177 1654 canone
1207 1616 1274 1665 qui
1302 1619 1465 1654 vocatur
1490 1616 1546 1666 ly—

173 1684 345 1721 ricorum
374 1683 423 1721 ab
453 1682 725 1721 Alexandrinis
753 1683 878 1732 primo
905 1683 990 1720 loco
1019 1684 1242 1721 nominatus
1271 1687 1343 1722 est.

501 1866 846 1915 Addendum
876 1866 948 1907 ad
973 1876 1024 1917 p.
1053 1866 1130 1906 29
1150 1873 1232 1917 sq.

279 1955 404 2002 Quum
431 1954 527 1994 haec
556 1956 779 1995 dissertatio
806 1956 1046 2006 amplissimo
1071 1955 1388 2006 philosophorum
1418 1956 1545 1996 ordini

172 2025 252 2063 iam
287 2027 391 2063 esset
425 2024 575 2072 oblata,
608 2024 649 2062 in
682 2024 821 2063 Philol.
855 2023 1020 2071 XXVII,
1056 2026 1091 2063 2.
1125 2037 1162 2073 p.
1194 2025 1408 2063 241—285
1439 2028 1478 2063 et
1506 2029 1542 2065 4.

172 2107 210 2143 p.
239 2094 444 2132 577—629
475 2093 582 2132 edita
610 2097 669 2132 est
697 2093 744 2131 de
771 2093 845 2131 hoc
874 2092 1071 2131 Alcmanis
1090 2091 1312 2142 fragmento
1332 2093 1380 2132 H.
1402 2094 1445 2133 L.
1466 2093 1544 2132 Ah-

279 2216 306 2254 ¹)
331 2214 379 2246 De
390 2213 547 2245 vocabulo
560 2214 739 2260 πάμφαγος
754 2213 810 2244 cfr.
822 2212 883 2244 We
893 2212 904 2243 l
914 2211 960 2244 ck
970 2221 987 2243 e
998 2222 1027 2252 r,
1040 2212 1192 2244 Kleinere
1205 2213 1367 2245 Schriften
1381 2214 1435 2246 IV.
1449 2225 1481 2256 p.
1493 2216 1545 2248 66.

174 2286 214 2292 —
234 2268 310 2299 Alia
329 2266 486 2299 eiusmodi
507 2266 690 2306 fragmenta
708 2269 784 2297 sunt
802 2265 858 2306 343
879 2265 935 2306 743
956 2265 1013 2305 753
1034 2266 1082 2297 76.

280 2333 307 2370 ²)
331 2329 390 2362 cfr.
411 2328 580 2362 Teuffel
600 2329 633 2360 in
653 2328 790 2370 Pauly,
809 2318 984 2370 Encyclop.
1006 2337 1030 2361 s,
1050 2339 1078 2361 v.
1100 2328 1203 2362 Alcm.
1225 2329 1290 2369 (ed.
1311 2331 1366 2369 ΙΙ.)

280 2393 307 2431 ³)
333 2392 391 2425 cfr.
410 2392 557 2425 Athen.
577 2392 647 2424 XV.
668 2390 730 2422 678
740 2390 776 2423 C.

281 2456 308 2494 ⁴)
333 2456 392 2488 cfr.
411 2455 523 2487 Paus.
543 2455 601 2487 ΠΙ.
623 2455 676 2495 15,
696 2453 725 2486 2.

287 2520 311 2559 5)
334 2518 391 2551 cfr.
411 2529 442 2559 p.
462 2519 513 2551 41.

282 2582 307 2621 ⁶)
330 2582 387 2613 cfr.
409 2581 470 2623 frg.
492 2584 547 2622 17;
566 2581 624 2621 26;
646 2581 705 2621 363
726 2580 781 2621 603
801 2580 851 2613 67.
