1728 2976
558 597 1056 660 PRAEFATIO.

216 786 270 824 vSi
289 785 336 824 de
355 785 488 835 aliqua.
507 789 620 836 parte
641 786 860 825 litterarum
882 786 1138 833 Graecarum,
1160 786 1207 824 de
1228 787 1335 836 poesi
1353 787 1487 836 lyrica,

126 866 364 904 quamquam
402 854 484 892 eius
520 854 706 892 historiae
742 854 974 893 evolvendae
1002 855 1075 893 viri
1112 854 1217 893 docti
1254 867 1488 905 magnopere

127 922 378 969 studuerunt,
414 922 629 960 sententiae
664 925 703 960 et
739 921 879 960 dubiae
913 925 953 960 et
989 922 1113 960 falsae
1151 922 1488 962 circumferuntur.

128 990 245 1029 Cuius
272 990 329 1028 rei
356 1002 472 1039 quum
492 990 703 1040 praecipua
723 1002 840 1028 causa
857 1003 1007 1040 paucae
1027 990 1265 1040 exiguaeque
1284 993 1488 1040 poetarum

126 1058 336 1107 lyricorum
363 1057 551 1107 reliquiae
581 1058 675 1105 sint,
711 1060 842 1095 tamen
869 1058 935 1107 qui
962 1058 1050 1107 ipsa
1077 1060 1252 1096 veterum
1285 1062 1488 1096 auctorum

127 1126 277 1176 scripta
312 1138 448 1164 rursus
485 1126 724 1175 perlustrare
759 1139 836 1164 non
872 1126 1129 1174 recusaverit,
1164 1130 1268 1165 certe
1302 1126 1489 1165 nonnulla

131 1194 177 1231 de
206 1194 369 1243 singulis
395 1194 521 1243 poetis
541 1194 769 1243 corrigenda
797 1197 836 1231 et
863 1193 1042 1231 addenda
1070 1194 1253 1234 inveniet.
1293 1194 1489 1244 Imprimis

128 1261 201 1299 hoc
229 1260 276 1299 de
297 1261 481 1299 Alcmane
501 1261 705 1299 dicendum
725 1264 796 1300 est.
811 1261 842 1312 1)
891 1261 1013 1307 Quam
1042 1261 1091 1299 ob
1119 1274 1200 1299 rem
1230 1274 1307 1300 non
1334 1261 1490 1310 quidem

128 1342 260 1367 omnes
289 1329 336 1367 de
364 1342 410 1367 eo
439 1329 685 1379 quaestiones
719 1328 918 1367 absolvere
952 1329 1093 1377 audeo,
1132 1329 1200 1367 sed
1232 1343 1378 1379 paucas
1410 1342 1491 1368 ma-

126 1398 228 1435 xime
256 1396 395 1435 dubias
429 1411 499 1447 pro
536 1396 682 1436 viribus
715 1400 897 1435 accurate
933 1397 1127 1447 explicare
1161 1397 1257 1435 mihi
1289 1398 1329 1435 in
1363 1398 1490 1436 animo

128 1468 200 1505 est.
240 1466 377 1515 Itaque
404 1466 572 1515 primum
600 1465 647 1504 de
684 1468 813 1504 aetate
850 1465 1066 1513 Alcmanis,
1101 1465 1240 1504 deinde
1274 1466 1321 1503 de
1355 1467 1492 1504 metris

128 1532 353 1583 disputabo,
387 1533 503 1572 tertio
538 1534 659 1571 cuius.
682 1532 922 1571 Graecorum
954 1533 1124 1571 nationis
1159 1533 1327 1572 indolem
1365 1538 1404 1573 et
1436 1534 1492 1572 in-

129 1601 283 1650 genium
311 1602 392 1639 eius
419 1602 547 1651 poesis
575 1614 670 1651 prae
698 1613 738 1639 se
766 1600 885 1649 ferat,
920 1614 1119 1650 quaeram.

231 1668 378 1714 Quibus
414 1669 454 1706 in
491 1659 771 1707 conscribenda
806 1668 880 1707 hac
923 1670 1250 1708 commentatione
1294 1683 1384 1708 usus
1421 1670 1492 1708 sim

130 1737 306 1785 auxiliis,
335 1737 415 1775 suis
442 1737 539 1775 locis
566 1736 746 1777 indicavi,

232 1805 422 1843 Numeros
457 1804 766 1854 fragmentorum
799 1819 847 1844 ex
879 1806 1038 1855 Bergkii
1071 1806 1223 1845 Poetar.
1252 1806 1322 1856 lyr.
1353 1806 1491 1846 Graec.

132 1873 223 1914 edit.
251 1873 320 1912 III.
348 1887 386 1924 p.
416 1876 621 1912 818—870
648 1875 793 1914 notavi.

257 2054 278 2093 ¹)
302 2053 519 2093 Welckerus,
540 2053 594 2095 qui
616 2054 738 2095 primus
763 2056 945 2095 fragmenta
966 2054 1131 2085 Alcmanis
1153 2054 1283 2094 collegit
1305 2058 1338 2085 et
1359 2054 1489 2085 brevem

128 2105 167 2137 de
190 2106 257 2137 vita
278 2110 311 2137 et
333 2107 460 2147 scriptis
482 2107 783 2138 commentationem
805 2106 931 2138 addidit
953 2106 1100 2147 (Giessen
1130 2106 1237 2146 1815),
1267 2106 1336 2146 ipse
1365 2105 1492 2144 fatetur,

126 2167 244 2189 novam
265 2157 305 2189 de
328 2157 760 2199 Alcmanerdisputationem
784 2168 849 2190 non
871 2167 942 2190 esse
965 2155 1244 2199 supervacaneam.
1268 2158 1325 2189 cfr.
1343 2157 1493 2189 Welck.

127 2210 279 2241 Kleinere
303 2209 468 2241 Schriften
490 2210 506 2241 I
538 2221 567 2252 p.
591 2210 660 2247 220.
