1728 2976
844 152 893 188 28

285 274 344 313 De
373 275 656 325 compositione
692 275 873 314 ordinum
906 288 953 314 ex
985 287 1146 314 numero
1175 275 1319 314 cretico
1348 278 1388 314 et
1413 275 1552 324 ionico,

180 355 273 383 num
291 341 391 384 κατὰ
408 342 539 395 στίχον
559 358 609 384 an
628 345 879 395 systematica
894 343 1028 393 fuerit,
1043 344 1180 395 nequit
1194 343 1406 395 quidquam
1420 343 1553 385 statui.

285 414 449 451 Praeter
476 413 573 451 haec
602 426 702 462 quae
730 413 919 463 descripsi
947 417 1160 463 systemata
1178 426 1255 451 non
1274 413 1399 452 solum
1418 412 1554 452 breves

180 480 365 532 strophae
377 513 385 529 ‚
414 479 555 532 quibus
575 485 714 531 postea
732 484 871 532 poetae
890 480 1071 520 Lesbiaci
1089 480 1321 530 utebantur,
1348 480 1416 520 sed
1435 481 1554 520 etiam

182 549 395 598 longiore-s,
425 550 560 599 quales
588 551 748 588 Pindari
776 554 816 588 et
843 550 1052 588 Simonidis
1072 554 1183 598 sunt,
1204 550 1310 599 apud
1328 550 1554 588 Alcmanem

180 617 440 656 inveniuntur.
469 617 617 657 Prioris
638 618 792 668 generis
811 617 973 668 stropha
986 618 1158 656 occurrit
1178 617 1251 668 frg.
1269 620 1336 666 25,
1361 630 1407 656 ex
1427 616 1553 656 tribus

180 686 276 724 colis
304 687 542 735 composita:
571 686 770 725 trochaico
799 687 966 725 dimetro
990 687 1132 725 acatal.
1157 699 1244 725 cum
1273 687 1475 735 anacrusi,
1497 686 1554 724 di-

179 757 305 793 metro
334 754 553 794 acatalecto
581 760 621 794 et
649 754 817 794 dimetro
846 755 1089 794 catalectico.
1133 754 1278 794 Similis
1305 756 1365 793 est
1393 754 1554 805 stropha

178 823 252 872 frg.
284 826 344 870 37,
375 824 485 861 cuius
513 824 688 862 membra
717 828 808 862 sunt
843 824 1008 863 dimeter
1037 824 1259 863 trochaicus
1292 823 1432 861 acatal.
1466 835 1553 861 cum

178 891 376 940 anacrusi,
406 891 573 930 dimeter
601 892 716 930 catal.
748 904 781 932 c.
810 905 940 930 anacr.
966 895 1005 930 et
1033 904 1166 930 versus
1195 891 1425 941 Glyconeus.

284 959 446 998 Maioris
480 961 598 1009 spatii
632 960 794 1010 stropha
827 961 951 1010 lyrica
986 964 1115 999 exstat
1150 961 1190 998 in
1226 959 1389 1010 pulchro
1417 958 1485 997 illo
1513 961 1554 997 et

178 1026 285 1065 claro
309 1027 381 1077 frg.
399 1028 512 1080 60‚1)
534 1028 643 1066 cuius
665 1029 885 1078 argumenti
907 1028 1104 1067 venustati
1126 1028 1319 1077 elegantia
1338 1030 1553 1066 metrorum

178 1097 325 1145 optime
354 1096 610 1135 accomodata-
639 1101 709 1135 est.
739 1097 833 1135 Eius
862 1097 1065 1147 strophae,
1096 1110 1215 1147 quum
1239 1097 1394 1135 omnino
1419 1108 1553 1134 secun-

179 1163 271 1202 dum
300 1164 399 1203 artis
428 1164 533 1215 leges
564 1167 790 1203 constructa
819 1165 888 1213 sit,
924 1164 1039 1203 facile
1075 1164 1250 1215 singulae
1282 1168 1436 1215 partes:
1464 1176 1553 1214 pro·

178 1233 292 1276 odus,
321 1247 413 1283 pars
442 1235 648 1283 primaria,
685 1234 833 1283 epodus
861 1234 1168 1283 distinguuntur.
1205 1233 1278 1272 Est
1304 1233 1550 1283 logaoedica,

178 1300 343 1350 Lydiae,
373 1304 418 1339 ut
446 1302 637 1339 coniicere
664 1301 775 1349 licet,
804 1301 1042 1340 harmoniae.
1057 1301 1087 1352 ²)
1117 1301 1260 1340 Forma
1288 1301 1370 1339 eius
1397 1301 1515 1339 haec:
1568 1333 1570 1336 Α

365 1417 562 1457 Proodus:

457 1491 491 1531 Χ
595 1495 625 1531 l

439 1539 1286 1566 -U—UU--UU—U—U—k)

475 1608 496 1640 Ι
733 1608 759 1642 Ι

434 1652 924 1676 -υ-υ-υ--ψ

364 1742 460 1780 Pars
489 1742 677 1792 primaria
692 1757 700 1782 ε

440 1815 558 1886 ἕω
585 1817 1305 1888 -ζυυ-υυ-υ-υ-κ)

443 1934 749 2001 LuU——
778 1930 1249 2001 -υ-υ-ζ-υ-κ]

435 2104 491 2109 -—
526 2055 635 2122 —sk
663 2105 720 2110 —
758 2056 1154 2122 -Ιυυ-υυ-

364 2183 524 2235 Epodus

446 2254 482 2292 Χ
628 2248 654 2289 l

431 2370 866 2434 —lkjkl-——UU—
896 2411 905 2422 ¹

286 2549 308 2590 ¹)
331 2549 371 2581 de
395 2558 458 2590 quo
481 2549 540 2582 cfr.
562 2548 696 2592 Welc'k
706 2557 762 2587 er,
787 2548 924 2580 Alcman
946 2558 977 2589 p.
1000 2548 1041 2579 24
1063 2557 1111 2588 sq.

284 2613 307 2655 ²)
330 2612 388 2645 cfr.
411 2611 521 2645 Bode
542 2611 613 2644 IIb.
638 2622 669 2653 p.
693 2611 740 2643 18.
