<?xml version="1.0" encoding="UTF-8"?>
<!DOCTYPE html PUBLIC "-//W3C//DTD XHTML 1.0 Transitional//EN"
    "http://www.w3.org/TR/xhtml1/DTD/xhtml1-transitional.dtd">
<html xmlns="http://www.w3.org/1999/xhtml" xml:lang="en" lang="en">
 <head>
  <title>
</title>
<meta http-equiv="Content-Type" content="text/html;charset=utf-8" />
  <meta name='ocr-system' content='tesseract 3.04.00' />
  <meta name='ocr-capabilities' content='ocr_page ocr_carea ocr_par ocr_line ocrx_word'/>
</head>
<body>
  <div class='ocr_page' id='page_1' title='image "4738079_0020.png"; bbox 0 0 1728 2976; ppageno 0'>
   <div class='ocr_carea' id='block_1_1' title="bbox 859 116 879 150">
    <p class='ocr_par' dir='ltr' id='par_1_1' title="bbox 859 116 879 150">
     <span class='ocr_line' id='line_1_1' title="bbox 859 116 879 150; baseline 0 0"><span class='ocrx_word' id='word_1_1' title='bbox 859 116 879 150; x_wconf 92' lang='lat'><strong>7</strong></span> 
     </span>
    </p>
   </div>
   <div class='ocr_carea' id='block_1_2' title="bbox 182 238 1570 1930">
    <p class='ocr_par' dir='ltr' id='par_1_2' title="bbox 182 238 1551 564">
     <span class='ocr_line' id='line_1_2' title="bbox 182 238 1548 288; baseline -0.001 -10"><span class='ocrx_word' id='word_1_2' title='bbox 182 238 289 278; x_wconf 82' lang='lat' dir='ltr'>haud</span> <span class='ocrx_word' id='word_1_3' title='bbox 314 239 373 278; x_wconf 86' lang='lat' dir='ltr'>ita</span> <span class='ocrx_word' id='word_1_4' title='bbox 398 239 565 278; x_wconf 90' lang='lat' dir='ltr'>multum</span> <span class='ocrx_word' id='word_1_5' title='bbox 592 253 616 278; x_wconf 91' lang='lat' dir='ltr'>a</span> <span class='ocrx_word' id='word_1_6' title='bbox 643 253 733 279; x_wconf 88' lang='lat' dir='ltr'>vero</span> <span class='ocrx_word' id='word_1_7' title='bbox 758 240 942 279; x_wconf 86' lang='lat' dir='ltr'>aberrare</span> <span class='ocrx_word' id='word_1_8' title='bbox 970 238 1065 277; x_wconf 91' lang='lat' dir='ltr'>mihi</span> <span class='ocrx_word' id='word_1_9' title='bbox 1092 239 1249 288; x_wconf 86' lang='lat' dir='ltr'>quidem</span> <span class='ocrx_word' id='word_1_10' title='bbox 1276 238 1441 277; x_wconf 90' lang='lat' dir='ltr'>videtur.</span> <span class='ocrx_word' id='word_1_11' title='bbox 1473 238 1548 276; x_wconf 83' lang='lat' dir='ltr'>Sed</span> 
     </span>
     <span class='ocr_line' id='line_1_3' title="bbox 183 307 1550 359; baseline -0.002 -12"><span class='ocrx_word' id='word_1_12' title='bbox 183 308 303 347; x_wconf 87' lang='lat' dir='ltr'>etiam</span> <span class='ocrx_word' id='word_1_13' title='bbox 330 307 435 357; x_wconf 89' lang='lat' dir='ltr'>quod</span> <span class='ocrx_word' id='word_1_14' title='bbox 463 308 603 347; x_wconf 85' lang='lat' dir='ltr'>Suidas</span> <span class='ocrx_word' id='word_1_15' title='bbox 630 308 846 356; x_wconf 79' lang='lat' dir='ltr'>fabulatur,</span> <span class='ocrx_word' id='word_1_16' title='bbox 860 308 890 359; x_wconf 90' lang='grc'>1)</span> <span class='ocrx_word' id='word_1_17' title='bbox 913 307 1009 346; x_wconf 92' lang='lat' dir='ltr'>duos</span> <span class='ocrx_word' id='word_1_18' title='bbox 1030 307 1149 346; x_wconf 87' lang='lat' dir='ltr'>fuisse</span> <span class='ocrx_word' id='word_1_19' title='bbox 1169 307 1388 354; x_wconf 88' lang='lat' dir='ltr'>Alcmanes,</span> <span class='ocrx_word' id='word_1_20' title='bbox 1411 309 1550 356; x_wconf 88' lang='lat' dir='ltr'>poetas</span> 
     </span>
     <span class='ocr_line' id='line_1_4' title="bbox 183 373 1551 426; baseline -0.002 -12"><span class='ocrx_word' id='word_1_21' title='bbox 183 376 343 426; x_wconf 86' lang='lat' dir='ltr'>lyricos,</span> <span class='ocrx_word' id='word_1_22' title='bbox 381 376 615 415; x_wconf 89' lang='lat' dir='ltr'>Messenium</span> <span class='ocrx_word' id='word_1_23' title='bbox 650 377 817 416; x_wconf 89' lang='lat' dir='ltr'>alterum</span> <span class='ocrx_word' id='word_1_24' title='bbox 854 380 892 416; x_wconf 92' lang='lat' dir='ltr'>et</span> <span class='ocrx_word' id='word_1_25' title='bbox 932 376 1101 415; x_wconf 89' lang='lat' dir='ltr'>alterum</span> <span class='ocrx_word' id='word_1_26' title='bbox 1134 376 1346 423; x_wconf 86' lang='lat' dir='ltr'>Laconem,</span> <span class='ocrx_word' id='word_1_27' title='bbox 1374 374 1473 413; x_wconf 89' lang='lat' dir='ltr'>illud</span> <span class='ocrx_word' id='word_1_28' title='bbox 1499 373 1551 412; x_wconf 86' lang='lat' dir='ltr'>ad</span> 
     </span>
     <span class='ocr_line' id='line_1_5' title="bbox 183 443 1550 494; baseline -0.001 -12"><span class='ocrx_word' id='word_1_29' title='bbox 183 443 421 483; x_wconf 77' lang='lat' dir='ltr'>turbandam</span> <span class='ocrx_word' id='word_1_30' title='bbox 449 447 670 494; x_wconf 88' lang='lat' dir='ltr'>temporum</span> <span class='ocrx_word' id='word_1_31' title='bbox 696 445 888 483; x_wconf 90' lang='lat' dir='ltr'>rationem</span> <span class='ocrx_word' id='word_1_32' title='bbox 924 444 1074 494; x_wconf 87' lang='lat' dir='ltr'>aliquid</span> <span class='ocrx_word' id='word_1_33' title='bbox 1110 444 1277 483; x_wconf 88' lang='lat' dir='ltr'>valuisse</span> <span class='ocrx_word' id='word_1_34' title='bbox 1314 443 1428 482; x_wconf 85' lang='lat' dir='ltr'>facile</span> <span class='ocrx_word' id='word_1_35' title='bbox 1461 456 1550 482; x_wconf 90' lang='lat' dir='ltr'>con-</span> 
     </span>
     <span class='ocr_line' id='line_1_6' title="bbox 183 512 351 564; baseline 0.006 -14"><span class='ocrx_word' id='word_1_36' title='bbox 183 512 351 564; x_wconf 77' lang='lat' dir='ltr'>iioias.2)</span> 
     </span>
    </p>

    <p class='ocr_par' dir='ltr' id='par_1_3' title="bbox 182 580 1548 1586">
     <span class='ocr_line' id='line_1_7' title="bbox 286 580 1548 633; baseline -0.001 -14"><span class='ocrx_word' id='word_1_37' title='bbox 286 580 406 619; x_wconf 88' lang='lat' dir='ltr'>Aliud</span> <span class='ocrx_word' id='word_1_38' title='bbox 440 585 727 630; x_wconf 82' lang='lat' dir='ltr'>argumentum,</span> <span class='ocrx_word' id='word_1_39' title='bbox 762 581 868 631; x_wconf 89' lang='lat' dir='ltr'>quod</span> <span class='ocrx_word' id='word_1_40' title='bbox 895 593 919 619; x_wconf 87' lang='lat' dir='ltr'>a</span> <span class='ocrx_word' id='word_1_41' title='bbox 947 580 988 620; x_wconf 83' lang='lat' dir='ltr'>O.</span> <span class='ocrx_word' id='word_1_42' title='bbox 1020 581 1063 621; x_wconf 91' lang='grc' dir='ltr'>Ο.</span> <span class='ocrx_word' id='word_1_43' title='bbox 1094 581 1260 620; x_wconf 86' lang='lat' dir='ltr'>Miillero</span> <span class='ocrx_word' id='word_1_44' title='bbox 1271 581 1301 633; x_wconf 81' lang='lat'>3)</span> <span class='ocrx_word' id='word_1_45' title='bbox 1338 580 1548 630; x_wconf 88' lang='lat' dir='ltr'>opponitur</span> 
     </span>
     <span class='ocr_line' id='line_1_8' title="bbox 183 648 1548 699; baseline -0.001 -12"><span class='ocrx_word' id='word_1_46' title='bbox 183 649 234 687; x_wconf 87' lang='lat' dir='ltr'>ad</span> <span class='ocrx_word' id='word_1_47' title='bbox 261 648 554 698; x_wconf 85' lang='lat' dir='ltr'>deprimendam</span> <span class='ocrx_word' id='word_1_48' title='bbox 584 648 778 687; x_wconf 80' lang='lat' dir='ltr'>Alcmanis</span> <span class='ocrx_word' id='word_1_49' title='bbox 814 652 1001 697; x_wconf 85' lang='lat' dir='ltr'>aetatem,</span> <span class='ocrx_word' id='word_1_50' title='bbox 1036 649 1218 699; x_wconf 81' lang='lat' dir='ltr'>Pityusas</span> <span class='ocrx_word' id='word_1_51' title='bbox 1250 648 1415 696; x_wconf 89' lang='lat' dir='ltr'>insulas,</span> <span class='ocrx_word' id='word_1_52' title='bbox 1451 660 1548 697; x_wconf 87' lang='lat' dir='ltr'>quas</span> 
     </span>
     <span class='ocr_line' id='line_1_9' title="bbox 183 716 1545 767; baseline -0.001 -12"><span class='ocrx_word' id='word_1_53' title='bbox 183 717 273 756; x_wconf 88' lang='lat' dir='ltr'>inde</span> <span class='ocrx_word' id='word_1_54' title='bbox 301 716 350 755; x_wconf 89' lang='lat' dir='ltr'>ab</span> <span class='ocrx_word' id='word_1_55' title='bbox 380 717 531 767; x_wconf 87' lang='lat' dir='ltr'>Olymp.</span> <span class='ocrx_word' id='word_1_56' title='bbox 558 716 701 756; x_wconf 91' lang='lat' dir='ltr'>XXXV</span> <span class='ocrx_word' id='word_1_57' title='bbox 721 716 1032 767; x_wconf 85' lang='lat' dir='ltr'>expeditionibus</span> <span class='ocrx_word' id='word_1_58' title='bbox 1060 717 1351 756; x_wconf 78' lang='lat' dir='ltr'>Phocaeensium</span> <span class='ocrx_word' id='word_1_59' title='bbox 1378 717 1545 767; x_wconf 86' lang='lat' dir='ltr'>primum</span> 
     </span>
     <span class='ocr_line' id='line_1_10' title="bbox 184 785 1546 834; baseline 0 -11"><span class='ocrx_word' id='word_1_60' title='bbox 184 785 344 823; x_wconf 88' lang='lat' dir='ltr'>Graecis</span> <span class='ocrx_word' id='word_1_61' title='bbox 371 789 484 823; x_wconf 86' lang='lat' dir='ltr'>notas</span> <span class='ocrx_word' id='word_1_62' title='bbox 513 789 551 823; x_wconf 90' lang='lat' dir='ltr'>et</span> <span class='ocrx_word' id='word_1_63' title='bbox 579 786 801 824; x_wconf 79' lang='lat' dir='ltr'>accuratius</span> <span class='ocrx_word' id='word_1_64' title='bbox 832 785 1039 834; x_wconf 86' lang='lat' dir='ltr'>indagatas</span> <span class='ocrx_word' id='word_1_65' title='bbox 1072 799 1155 824; x_wconf 90' lang='lat' dir='ltr'>esse</span> <span class='ocrx_word' id='word_1_66' title='bbox 1183 785 1427 824; x_wconf 87' lang='lat' dir='ltr'>Herodotum</span> <span class='ocrx_word' id='word_1_67' title='bbox 1456 798 1546 823; x_wconf 87' lang='lat' dir='ltr'>auc-</span> 
     </span>
     <span class='ocr_line' id='line_1_11' title="bbox 183 852 1545 905; baseline 0 -14"><span class='ocrx_word' id='word_1_68' title='bbox 183 856 308 892; x_wconf 86' lang='lat' dir='ltr'>torem</span> <span class='ocrx_word' id='word_1_69' title='bbox 335 852 533 905; x_wconf 79' lang='lat' dir='ltr'>laudat,4)</span> <span class='ocrx_word' id='word_1_70' title='bbox 562 852 611 892; x_wconf 90' lang='lat' dir='ltr'>ab</span> <span class='ocrx_word' id='word_1_71' title='bbox 640 853 825 892; x_wconf 88' lang='lat' dir='ltr'>Alcmane</span> <span class='ocrx_word' id='word_1_72' title='bbox 852 853 892 892; x_wconf 91' lang='lat' dir='ltr'>in</span> <span class='ocrx_word' id='word_1_73' title='bbox 921 852 1157 893; x_wconf 87' lang='lat' dir='ltr'>carminibus</span> <span class='ocrx_word' id='word_1_74' title='bbox 1186 852 1545 905; x_wconf 80' lang='lat' dir='ltr'>commemorari,⁵)</span> 
     </span>
     <span class='ocr_line' id='line_1_12' title="bbox 183 921 1548 971; baseline 0 -12"><span class='ocrx_word' id='word_1_75' title='bbox 183 934 253 971; x_wconf 89' lang='lat' dir='ltr'>pro</span> <span class='ocrx_word' id='word_1_76' title='bbox 281 921 388 960; x_wconf 88' lang='lat' dir='ltr'>nullo</span> <span class='ocrx_word' id='word_1_77' title='bbox 416 921 633 971; x_wconf 85' lang='lat' dir='ltr'>putandum</span> <span class='ocrx_word' id='word_1_78' title='bbox 662 926 730 960; x_wconf 90' lang='lat' dir='ltr'>est.</span> <span class='ocrx_word' id='word_1_79' title='bbox 767 922 867 960; x_wconf 86' lang='lat' dir='ltr'>Nam</span> <span class='ocrx_word' id='word_1_80' title='bbox 894 926 939 960; x_wconf 86' lang='lat' dir='ltr'>ut</span> <span class='ocrx_word' id='word_1_81' title='bbox 965 922 1154 960; x_wconf 83' lang='lat' dir='ltr'>incertam</span> <span class='ocrx_word' id='word_1_82' title='bbox 1182 922 1258 960; x_wconf 88' lang='lat' dir='ltr'>loci</span> <span class='ocrx_word' id='word_1_83' title='bbox 1291 922 1397 960; x_wconf 91' lang='lat' dir='ltr'>illius</span> <span class='ocrx_word' id='word_1_84' title='bbox 1425 921 1548 959; x_wconf 91' lang='lat' dir='ltr'>Hero-</span> 
     </span>
     <span class='ocr_line' id='line_1_13' title="bbox 183 989 1545 1042; baseline 0 -14"><span class='ocrx_word' id='word_1_85' title='bbox 183 989 289 1028; x_wconf 90' lang='lat' dir='ltr'>dotei</span> <span class='ocrx_word' id='word_1_86' title='bbox 331 990 627 1040; x_wconf 86' lang='lat' dir='ltr'>explicationem</span> <span class='ocrx_word' id='word_1_87' title='bbox 667 989 1039 1042; x_wconf 79' lang='lat' dir='ltr'>praete1·mittam,⁶)</span> <span class='ocrx_word' id='word_1_88' title='bbox 1078 989 1174 1040; x_wconf 88' lang='lat' dir='ltr'>quid</span> <span class='ocrx_word' id='word_1_89' title='bbox 1211 1002 1354 1040; x_wconf 85' lang='lat' dir='ltr'>quaeso</span> <span class='ocrx_word' id='word_1_90' title='bbox 1389 992 1545 1039; x_wconf 86' lang='lat' dir='ltr'>poetae,</span> 
     </span>
     <span class='ocr_line' id='line_1_14' title="bbox 182 1058 1547 1109; baseline 0 -13"><span class='ocrx_word' id='word_1_91' title='bbox 182 1061 226 1096; x_wconf 91' lang='lat' dir='ltr'>ut</span> <span class='ocrx_word' id='word_1_92' title='bbox 253 1062 526 1098; x_wconf 88' lang='lat' dir='ltr'>commemoret</span> <span class='ocrx_word' id='word_1_93' title='bbox 552 1059 720 1097; x_wconf 88' lang='lat' dir='ltr'>insulam</span> <span class='ocrx_word' id='word_1_94' title='bbox 747 1059 936 1109; x_wconf 88' lang='lat' dir='ltr'>aliquam,</span> <span class='ocrx_word' id='word_1_95' title='bbox 965 1072 1062 1109; x_wconf 91' lang='lat' dir='ltr'>opus</span> <span class='ocrx_word' id='word_1_96' title='bbox 1089 1062 1150 1097; x_wconf 89' lang='lat' dir='ltr'>est</span> <span class='ocrx_word' id='word_1_97' title='bbox 1174 1062 1359 1097; x_wconf 87' lang='lat' dir='ltr'>accurata</span> <span class='ocrx_word' id='word_1_98' title='bbox 1380 1060 1462 1097; x_wconf 87' lang='lat' dir='ltr'>eius</span> <span class='ocrx_word' id='word_1_99' title='bbox 1483 1058 1547 1096; x_wconf 89' lang='lat' dir='ltr'>de-</span> 
     </span>
     <span class='ocr_line' id='line_1_15' title="bbox 184 1126 1546 1178; baseline -0.001 -13"><span class='ocrx_word' id='word_1_100' title='bbox 184 1126 392 1178; x_wconf 88' lang='lat' dir='ltr'>scriptione</span> <span class='ocrx_word' id='word_1_101' title='bbox 420 1127 708 1178; x_wconf 85' lang='lat' dir='ltr'>geographica‘?</span> <span class='ocrx_word' id='word_1_102' title='bbox 743 1127 906 1166; x_wconf 85' lang='lat' dir='ltr'>Accedit</span> <span class='ocrx_word' id='word_1_103' title='bbox 942 1127 1047 1178; x_wconf 89' lang='lat' dir='ltr'>quod</span> <span class='ocrx_word' id='word_1_104' title='bbox 1083 1128 1309 1166; x_wconf 86' lang='lat' dir='ltr'>Alcmanem</span> <span class='ocrx_word' id='word_1_105' title='bbox 1342 1127 1383 1165; x_wconf 89' lang='lat' dir='ltr'>in</span> <span class='ocrx_word' id='word_1_106' title='bbox 1415 1127 1546 1176; x_wconf 88' lang='lat' dir='ltr'>aliquo</span> 
     </span>
     <span class='ocr_line' id='line_1_16' title="bbox 183 1196 1546 1248; baseline 0 -15"><span class='ocrx_word' id='word_1_107' title='bbox 183 1196 396 1233; x_wconf 85' lang='lat' dir='ltr'>carminum</span> <span class='ocrx_word' id='word_1_108' title='bbox 422 1209 492 1245; x_wconf 88' lang='lat' dir='ltr'>per</span> <span class='ocrx_word' id='word_1_109' title='bbox 518 1197 646 1234; x_wconf 87' lang='lat' dir='ltr'>iocum</span> <span class='ocrx_word' id='word_1_110' title='bbox 672 1196 817 1234; x_wconf 88' lang='lat' dir='ltr'>multas</span> <span class='ocrx_word' id='word_1_111' title='bbox 844 1199 971 1235; x_wconf 88' lang='lat' dir='ltr'>terras</span> <span class='ocrx_word' id='word_1_112' title='bbox 1000 1201 1039 1235; x_wconf 88' lang='lat' dir='ltr'>et</span> <span class='ocrx_word' id='word_1_113' title='bbox 1066 1200 1219 1248; x_wconf 79' lang='lat' dir='ltr'>gentes,</span> <span class='ocrx_word' id='word_1_114' title='bbox 1246 1196 1352 1246; x_wconf 88' lang='lat' dir='ltr'>apud</span> <span class='ocrx_word' id='word_1_115' title='bbox 1379 1208 1476 1245; x_wconf 90' lang='lat' dir='ltr'>quas</span> <span class='ocrx_word' id='word_1_116' title='bbox 1505 1208 1546 1233; x_wconf 90' lang='lat' dir='ltr'>se</span> 
     </span>
     <span class='ocr_line' id='line_1_17' title="bbox 183 1263 1547 1313; baseline -0.001 -12"><span class='ocrx_word' id='word_1_117' title='bbox 183 1264 331 1302; x_wconf 90' lang='lat' dir='ltr'>clarum</span> <span class='ocrx_word' id='word_1_118' title='bbox 368 1263 451 1302; x_wconf 80' lang='lat' dir='ltr'>fore</span> <span class='ocrx_word' id='word_1_119' title='bbox 485 1263 758 1313; x_wconf 89' lang='lat' dir='ltr'>praedicabat,</span> <span class='ocrx_word' id='word_1_120' title='bbox 797 1263 938 1302; x_wconf 88' lang='lat' dir='ltr'>scimus</span> <span class='ocrx_word' id='word_1_121' title='bbox 976 1276 1241 1311; x_wconf 87' lang='lat' dir='ltr'>enumerasse,</span> <span class='ocrx_word' id='word_1_122' title='bbox 1280 1276 1380 1312; x_wconf 91' lang='lat' dir='ltr'>quae</span> <span class='ocrx_word' id='word_1_123' title='bbox 1416 1266 1547 1301; x_wconf 88' lang='lat' dir='ltr'>tamen</span> 
     </span>
     <span class='ocr_line' id='line_1_18' title="bbox 183 1329 1547 1382; baseline -0.001 -13"><span class='ocrx_word' id='word_1_124' title='bbox 183 1331 447 1380; x_wconf 86' lang='lat' dir='ltr'>grammaticis</span> <span class='ocrx_word' id='word_1_125' title='bbox 486 1331 604 1369; x_wconf 88' lang='lat' dir='ltr'>etiam</span> <span class='ocrx_word' id='word_1_126' title='bbox 637 1330 832 1369; x_wconf 86' lang='lat' dir='ltr'>inferioris</span> <span class='ocrx_word' id='word_1_127' title='bbox 866 1332 1007 1369; x_wconf 89' lang='lat' dir='ltr'>aetatis</span> <span class='ocrx_word' id='word_1_128' title='bbox 1045 1332 1202 1381; x_wconf 84' lang='lat' dir='ltr'>ignotae</span> <span class='ocrx_word' id='word_1_129' title='bbox 1240 1334 1363 1369; x_wconf 88' lang='lat' dir='ltr'>erant.</span> <span class='ocrx_word' id='word_1_130' title='bbox 1376 1330 1406 1382; x_wconf 83' lang='lat'>⁷)</span> <span class='ocrx_word' id='word_1_131' title='bbox 1447 1329 1547 1376; x_wconf 80' lang='lat' dir='ltr'>Quin</span> 
     </span>
     <span class='ocr_line' id='line_1_19' title="bbox 184 1397 1547 1448; baseline 0 -12"><span class='ocrx_word' id='word_1_132' title='bbox 184 1412 274 1437; x_wconf 84' lang='lat' dir='ltr'>vero</span> <span class='ocrx_word' id='word_1_133' title='bbox 302 1411 440 1437; x_wconf 86' lang='lat' dir='ltr'>nomen</span> <span class='ocrx_word' id='word_1_134' title='bbox 462 1399 712 1448; x_wconf 85' lang='lat' dir='ltr'>Pityusarum</span> <span class='ocrx_word' id='word_1_135' title='bbox 732 1398 1045 1448; x_wconf 88' lang='lat' dir='ltr'>expeditionibus</span> <span class='ocrx_word' id='word_1_136' title='bbox 1064 1399 1317 1446; x_wconf 91' lang='lat' dir='ltr'>Phoenicum,</span> <span class='ocrx_word' id='word_1_137' title='bbox 1339 1399 1406 1448; x_wconf 91' lang='lat' dir='ltr'>qui</span> <span class='ocrx_word' id='word_1_138' title='bbox 1424 1397 1547 1436; x_wconf 85' lang='lat' dir='ltr'>multo</span> 
     </span>
     <span class='ocr_line' id='line_1_20' title="bbox 185 1466 1547 1517; baseline 0 -13"><span class='ocrx_word' id='word_1_139' title='bbox 185 1471 275 1505; x_wconf 84' lang='lat' dir='ltr'>ante</span> <span class='ocrx_word' id='word_1_140' title='bbox 308 1467 397 1505; x_wconf 88' lang='lat' dir='ltr'>illas</span> <span class='ocrx_word' id='word_1_141' title='bbox 430 1467 548 1505; x_wconf 90' lang='lat' dir='ltr'>maris</span> <span class='ocrx_word' id='word_1_142' title='bbox 586 1466 839 1505; x_wconf 88' lang='lat' dir='ltr'>occidentalis</span> <span class='ocrx_word' id='word_1_143' title='bbox 872 1468 1050 1517; x_wconf 85' lang='lat' dir='ltr'>regiones</span> <span class='ocrx_word' id='word_1_144' title='bbox 1085 1467 1434 1516; x_wconf 84' lang='lat' dir='ltr'>investigaverant,</span> <span class='ocrx_word' id='word_1_145' title='bbox 1468 1466 1547 1504; x_wconf 90' lang='lat' dir='ltr'>iam</span> 
     </span>
     <span class='ocr_line' id='line_1_21' title="bbox 186 1535 1187 1586; baseline 0.001 -13"><span class='ocrx_word' id='word_1_146' title='bbox 186 1535 346 1574; x_wconf 86' lang='lat' dir='ltr'>Graecis</span> <span class='ocrx_word' id='word_1_147' title='bbox 373 1538 510 1574; x_wconf 90' lang='lat' dir='ltr'>notum</span> <span class='ocrx_word' id='word_1_148' title='bbox 538 1535 673 1583; x_wconf 83' lang='lat' dir='ltr'>fuerit,</span> <span class='ocrx_word' id='word_1_149' title='bbox 701 1548 813 1574; x_wconf 90' lang='lat' dir='ltr'>nemo</span> <span class='ocrx_word' id='word_1_150' title='bbox 842 1539 902 1574; x_wconf 90' lang='lat' dir='ltr'>est</span> <span class='ocrx_word' id='word_1_151' title='bbox 929 1536 996 1586; x_wconf 90' lang='lat' dir='ltr'>qui</span> <span class='ocrx_word' id='word_1_152' title='bbox 1023 1535 1187 1576; x_wconf 86' lang='lat' dir='ltr'>dubitet.</span> 
     </span>
    </p>

    <p class='ocr_par' dir='ltr' id='par_1_4' title="bbox 183 1604 1570 1930">
     <span class='ocr_line' id='line_1_22' title="bbox 290 1604 1550 1653; baseline 0 -11"><span class='ocrx_word' id='word_1_153' title='bbox 290 1605 474 1642; x_wconf 85' lang='lat' dir='ltr'>Attamen</span> <span class='ocrx_word' id='word_1_154' title='bbox 513 1604 609 1642; x_wconf 86' lang='lat' dir='ltr'>haec</span> <span class='ocrx_word' id='word_1_155' title='bbox 641 1617 741 1653; x_wconf 91' lang='lat' dir='ltr'>quae</span> <span class='ocrx_word' id='word_1_156' title='bbox 769 1608 905 1643; x_wconf 90' lang='lat' dir='ltr'>contra</span> <span class='ocrx_word' id='word_1_157' title='bbox 933 1605 1169 1643; x_wconf 91' lang='lat' dir='ltr'>sententiam</span> <span class='ocrx_word' id='word_1_158' title='bbox 1195 1608 1369 1642; x_wconf 85' lang='lat' dir='ltr'>nostram</span> <span class='ocrx_word' id='word_1_159' title='bbox 1395 1604 1550 1653; x_wconf 88' lang='lat' dir='ltr'>prolata</span> 
     </span>
     <span class='ocr_line' id='line_1_23' title="bbox 183 1671 1570 1723; baseline -0.001 -12"><span class='ocrx_word' id='word_1_160' title='bbox 183 1672 355 1711; x_wconf 86' lang='lat' dir='ltr'>refutare</span> <span class='ocrx_word' id='word_1_161' title='bbox 397 1672 527 1711; x_wconf 90' lang='lat' dir='ltr'>conati</span> <span class='ocrx_word' id='word_1_162' title='bbox 564 1685 697 1711; x_wconf 90' lang='lat' dir='ltr'>sumus</span> <span class='ocrx_word' id='word_1_163' title='bbox 732 1676 962 1723; x_wconf 86' lang='lat' dir='ltr'>argumenta</span> <span class='ocrx_word' id='word_1_164' title='bbox 994 1686 1042 1711; x_wconf 90' lang='lat' dir='ltr'>ne</span> <span class='ocrx_word' id='word_1_165' title='bbox 1077 1672 1126 1711; x_wconf 88' lang='lat' dir='ltr'>ab</span> <span class='ocrx_word' id='word_1_166' title='bbox 1161 1673 1256 1723; x_wconf 91' lang='lat' dir='ltr'>ipsis</span> <span class='ocrx_word' id='word_1_167' title='bbox 1293 1672 1450 1722; x_wconf 89' lang='lat' dir='ltr'>quidem</span> <span class='ocrx_word' id='word_1_168' title='bbox 1483 1671 1570 1711; x_wconf 50' lang='lat' dir='ltr'>acl-1</span> 
     </span>
     <span class='ocr_line' id='line_1_24' title="bbox 183 1740 1550 1791; baseline 0 -13"><span class='ocrx_word' id='word_1_169' title='bbox 183 1741 365 1779; x_wconf 85' lang='lat' dir='ltr'>versariis</span> <span class='ocrx_word' id='word_1_170' title='bbox 401 1740 513 1778; x_wconf 89' lang='lat' dir='ltr'>valde</span> <span class='ocrx_word' id='word_1_171' title='bbox 546 1745 755 1790; x_wconf 86' lang='lat' dir='ltr'>urgentur;</span> <span class='ocrx_word' id='word_1_172' title='bbox 793 1741 973 1791; x_wconf 86' lang='lat' dir='ltr'>graviora</span> <span class='ocrx_word' id='word_1_173' title='bbox 1006 1753 1054 1779; x_wconf 90' lang='lat' dir='ltr'>ex</span> <span class='ocrx_word' id='word_1_174' title='bbox 1086 1742 1172 1791; x_wconf 89' lang='lat' dir='ltr'>ipsa</span> <span class='ocrx_word' id='word_1_175' title='bbox 1209 1741 1407 1779; x_wconf 89' lang='lat' dir='ltr'>Alcmanis</span> <span class='ocrx_word' id='word_1_176' title='bbox 1442 1741 1550 1790; x_wconf 89' lang='lat' dir='ltr'>poesi</span> 
     </span>
     <span class='ocr_line' id='line_1_25' title="bbox 185 1808 1549 1860; baseline 0 -13"><span class='ocrx_word' id='word_1_177' title='bbox 185 1811 433 1860; x_wconf 85' lang='lat' dir='ltr'>repetunt-ur,</span> <span class='ocrx_word' id='word_1_178' title='bbox 453 1822 552 1859; x_wconf 88' lang='lat' dir='ltr'>quae</span> <span class='ocrx_word' id='word_1_179' title='bbox 568 1809 792 1860; x_wconf 90' lang='lat' dir='ltr'>diligentius</span> <span class='ocrx_word' id='word_1_180' title='bbox 808 1810 1071 1849; x_wconf 87' lang='lat' dir='ltr'>examinemus</span> <span class='ocrx_word' id='word_1_181' title='bbox 1088 1812 1253 1860; x_wconf 86' lang='lat' dir='ltr'>oportet.</span> <span class='ocrx_word' id='word_1_182' title='bbox 1284 1809 1324 1848; x_wconf 90' lang='lat' dir='ltr'>C.</span> <span class='ocrx_word' id='word_1_183' title='bbox 1346 1809 1391 1849; x_wconf 90' lang='lat' dir='ltr'>O.</span> <span class='ocrx_word' id='word_1_184' title='bbox 1407 1808 1549 1848; x_wconf 85' lang='lat' dir='ltr'>Miiller</span> 
     </span>
     <span class='ocr_line' id='line_1_26' title="bbox 184 1877 1548 1930; baseline 0 -15"><span class='ocrx_word' id='word_1_185' title='bbox 184 1878 243 1915; x_wconf 90' lang='lat' dir='ltr'>his</span> <span class='ocrx_word' id='word_1_186' title='bbox 276 1877 403 1916; x_wconf 86' lang='lat' dir='ltr'>verbis</span> <span class='ocrx_word' id='word_1_187' title='bbox 437 1877 607 1917; x_wconf 88' lang='lat' dir='ltr'>breviter</span> <span class='ocrx_word' id='word_1_188' title='bbox 643 1891 689 1917; x_wconf 88' lang='lat' dir='ltr'>ea</span> <span class='ocrx_word' id='word_1_189' title='bbox 726 1878 1065 1930; x_wconf 72' lang='lat' dir='ltr'>complectitur25)</span> <span class='ocrx_word' id='word_1_190' title='bbox 1111 1878 1184 1916; x_wconf 93' lang='lat' dir='ltr'>Die</span> <span class='ocrx_word' id='word_1_191' title='bbox 1217 1878 1447 1917; x_wconf 88' lang='lat' dir='ltr'>Lebenszeit</span> <span class='ocrx_word' id='word_1_192' title='bbox 1481 1877 1548 1916; x_wconf 88' lang='lat' dir='ltr'>des</span> 
     </span>
    </p>
   </div>
   <div class='ocr_carea' id='block_1_3' title="bbox 187 1975 433 1979">
    <p class='ocr_par' dir='ltr' id='par_1_5' title="bbox 187 1975 433 1979">
     <span class='ocr_line' id='line_1_27' title="bbox 187 1975 433 1979; baseline 0 0"><span class='ocrx_word' id='word_1_193' title='bbox 187 1975 433 1979; x_wconf 95' lang='lat' dir='ltr'> </span> 
     </span>
    </p>
   </div>
   <div class='ocr_carea' id='block_1_4' title="bbox 314 2023 1176 2071">
    <p class='ocr_par' dir='ltr' id='par_1_6' title="bbox 314 2023 1176 2071">
     <span class='ocr_line' id='line_1_28' title="bbox 314 2023 1176 2071; baseline 0 -14"><span class='ocrx_word' id='word_1_194' title='bbox 314 2028 334 2065; x_wconf 95' lang='lat'>¹)</span> <span class='ocrx_word' id='word_1_195' title='bbox 359 2035 374 2057; x_wconf 89' lang='lat' dir='ltr'>s</span> <span class='ocrx_word' id='word_1_196' title='bbox 408 2036 438 2058; x_wconf 82' lang='lat' dir='ltr'>v,</span> <span class='ocrx_word' id='word_1_197' title='bbox 463 2025 622 2071; x_wconf 75' lang='grc' dir='ltr'>Ἀλκμάν.</span> <span class='ocrx_word' id='word_1_198' title='bbox 659 2024 716 2056; x_wconf 84' lang='lat' dir='ltr'>cfr.</span> <span class='ocrx_word' id='word_1_199' title='bbox 739 2023 881 2056; x_wconf 88' lang='lat' dir='ltr'>Welck</span> <span class='ocrx_word' id='word_1_200' title='bbox 892 2033 943 2064; x_wconf 87' lang='lat' dir='ltr'>er,</span> <span class='ocrx_word' id='word_1_201' title='bbox 967 2024 1073 2057; x_wconf 88' lang='lat' dir='ltr'>Alcm.</span> <span class='ocrx_word' id='word_1_202' title='bbox 1095 2035 1126 2065; x_wconf 91' lang='lat' dir='ltr'>p.</span> <span class='ocrx_word' id='word_1_203' title='bbox 1148 2025 1176 2057; x_wconf 90' lang='lat'>3.</span> 
     </span>
    </p>
   </div>
   <div class='ocr_carea' id='block_1_5' title="bbox 186 2086 1550 2184">
    <p class='ocr_par' dir='ltr' id='par_1_7' title="bbox 186 2086 1550 2184">
     <span class='ocr_line' id='line_1_29' title="bbox 311 2086 1550 2131; baseline -0.002 -9"><span class='ocrx_word' id='word_1_204' title='bbox 311 2091 336 2131; x_wconf 88' lang='lat'>²)</span> <span class='ocrx_word' id='word_1_205' title='bbox 358 2089 417 2122; x_wconf 87' lang='lat' dir='ltr'>cfr.</span> <span class='ocrx_word' id='word_1_206' title='bbox 440 2089 535 2121; x_wconf 85' lang='lat' dir='ltr'>etiam</span> <span class='ocrx_word' id='word_1_207' title='bbox 560 2097 641 2130; x_wconf 87' lang='lat' dir='ltr'>quae</span> <span class='ocrx_word' id='word_1_208' title='bbox 664 2087 697 2119; x_wconf 90' lang='lat' dir='ltr'>C.</span> <span class='ocrx_word' id='word_1_209' title='bbox 720 2088 760 2120; x_wconf 87' lang='lat' dir='ltr'>F.</span> <span class='ocrx_word' id='word_1_210' title='bbox 774 2088 988 2127; x_wconf 86' lang='lat' dir='ltr'>Hermannus,</span> <span class='ocrx_word' id='word_1_211' title='bbox 1010 2087 1171 2128; x_wconf 77' lang='lat' dir='ltr'>Antiquit.</span> <span class='ocrx_word' id='word_1_212' title='bbox 1188 2087 1310 2120; x_wconf 86' lang='lat' dir='ltr'>Lacon.</span> <span class='ocrx_word' id='word_1_213' title='bbox 1331 2097 1364 2128; x_wconf 91' lang='lat' dir='ltr'>p.</span> <span class='ocrx_word' id='word_1_214' title='bbox 1387 2086 1426 2118; x_wconf 82' lang='lat'>77</span> <span class='ocrx_word' id='word_1_215' title='bbox 1440 2087 1482 2119; x_wconf 82' lang='lat' dir='ltr'>ad</span> <span class='ocrx_word' id='word_1_216' title='bbox 1497 2097 1550 2120; x_wconf 86' lang='lat' dir='ltr'>ex-</span> 
     </span>
     <span class='ocr_line' id='line_1_30' title="bbox 186 2140 1550 2184; baseline -0.002 -9"><span class='ocrx_word' id='word_1_217' title='bbox 186 2142 368 2184; x_wconf 81' lang='lat' dir='ltr'>plicandam</span> <span class='ocrx_word' id='word_1_218' title='bbox 389 2142 474 2174; x_wconf 87' lang='lat' dir='ltr'>hanc</span> <span class='ocrx_word' id='word_1_219' title='bbox 496 2142 530 2173; x_wconf 86' lang='lat' dir='ltr'>in</span> <span class='ocrx_word' id='word_1_220' title='bbox 552 2140 686 2173; x_wconf 87' lang='lat' dir='ltr'>Eusebii</span> <span class='ocrx_word' id='word_1_221' title='bbox 709 2140 868 2172; x_wconf 84' lang='lat' dir='ltr'>Chronico</span> <span class='ocrx_word' id='word_1_222' title='bbox 891 2140 1111 2181; x_wconf 82' lang='lat' dir='ltr'>perturbatam</span> <span class='ocrx_word' id='word_1_223' title='bbox 1142 2140 1384 2181; x_wconf 85' lang='lat' dir='ltr'>chronologiam</span> <span class='ocrx_word' id='word_1_224' title='bbox 1406 2141 1550 2181; x_wconf 86' lang='lat' dir='ltr'>prot-ulit.</span> 
     </span>
    </p>
   </div>
   <div class='ocr_carea' id='block_1_6' title="bbox 313 2203 1082 2246">
    <p class='ocr_par' dir='ltr' id='par_1_8' title="bbox 313 2203 1082 2246">
     <span class='ocr_line' id='line_1_31' title="bbox 313 2203 1082 2246; baseline -0.001 -10"><span class='ocrx_word' id='word_1_225' title='bbox 313 2205 336 2246; x_wconf 88' lang='lat'>³)</span> <span class='ocrx_word' id='word_1_226' title='bbox 359 2204 476 2236; x_wconf 86' lang='lat' dir='ltr'>Gesch.</span> <span class='ocrx_word' id='word_1_227' title='bbox 499 2203 556 2235; x_wconf 90' lang='lat' dir='ltr'>der</span> <span class='ocrx_word' id='word_1_228' title='bbox 579 2203 702 2244; x_wconf 87' lang='lat' dir='ltr'>griech.</span> <span class='ocrx_word' id='word_1_229' title='bbox 724 2203 889 2234; x_wconf 84' lang='lat' dir='ltr'>Literatur</span> <span class='ocrx_word' id='word_1_230' title='bbox 910 2203 933 2234; x_wconf 89' lang='grc' dir='ltr'>Ι,</span> <span class='ocrx_word' id='word_1_231' title='bbox 958 2215 990 2246; x_wconf 83' lang='lat' dir='ltr'>p.</span> <span class='ocrx_word' id='word_1_232' title='bbox 1012 2206 1082 2235; x_wconf 76' lang='lat'>350,</span> 
     </span>
    </p>
   </div>
   <div class='ocr_carea' id='block_1_7' title="bbox 186 2267 1550 2361">
    <p class='ocr_par' dir='ltr' id='par_1_9' title="bbox 186 2267 1550 2361">
     <span class='ocr_line' id='line_1_32' title="bbox 310 2267 1550 2308; baseline -0.002 -8"><span class='ocrx_word' id='word_1_233' title='bbox 310 2269 334 2308; x_wconf 71' lang='lat'>⁴)</span> <span class='ocrx_word' id='word_1_234' title='bbox 357 2267 476 2300; x_wconf 88' lang='lat' dir='ltr'>Herod.</span> <span class='ocrx_word' id='word_1_235' title='bbox 499 2268 524 2300; x_wconf 83' lang='grc' dir='ltr'>Ι.</span> <span class='ocrx_word' id='word_1_236' title='bbox 548 2268 616 2306; x_wconf 83' lang='grc'>163,</span> <span class='ocrx_word' id='word_1_237' title='bbox 642 2277 703 2307; x_wconf 84' lang='lat' dir='ltr'>quo</span> <span class='ocrx_word' id='word_1_238' title='bbox 726 2267 796 2299; x_wconf 90' lang='lat' dir='ltr'>loco</span> <span class='ocrx_word' id='word_1_239' title='bbox 819 2271 938 2308; x_wconf 84' lang='lat' dir='ltr'>narrat,</span> <span class='ocrx_word' id='word_1_240' title='bbox 961 2267 1185 2299; x_wconf 87' lang='lat' dir='ltr'>Phocaeenses</span> <span class='ocrx_word' id='word_1_241' title='bbox 1206 2267 1327 2308; x_wconf 87' lang='lat' dir='ltr'>primos</span> <span class='ocrx_word' id='word_1_242' title='bbox 1352 2267 1550 2299; x_wconf 84' lang='lat' dir='ltr'>Graecorum</span> 
     </span>
     <span class='ocr_line' id='line_1_33' title="bbox 186 2321 700 2361; baseline -0.004 -7"><span class='ocrx_word' id='word_1_243' title='bbox 186 2330 274 2354; x_wconf 87' lang='lat' dir='ltr'>mare</span> <span class='ocrx_word' id='word_1_244' title='bbox 296 2322 455 2353; x_wconf 89' lang='lat' dir='ltr'>Ibericum</span> <span class='ocrx_word' id='word_1_245' title='bbox 477 2321 700 2361; x_wconf 80' lang='lat' dir='ltr'>investigasse.</span> 
     </span>
    </p>
   </div>
   <div class='ocr_carea' id='block_1_8' title="bbox 309 2383 1187 2617">
    <p class='ocr_par' dir='ltr' id='par_1_10' title="bbox 309 2383 1187 2617">
     <span class='ocr_line' id='line_1_34' title="bbox 314 2383 598 2425; baseline 0 -9"><span class='ocrx_word' id='word_1_246' title='bbox 314 2384 337 2425; x_wconf 82' lang='lat'>⁵)</span> <span class='ocrx_word' id='word_1_247' title='bbox 359 2383 418 2416; x_wconf 86' lang='lat' dir='ltr'>cfr.</span> <span class='ocrx_word' id='word_1_248' title='bbox 442 2383 502 2424; x_wconf 84' lang='lat' dir='ltr'>frg.</span> <span class='ocrx_word' id='word_1_249' title='bbox 528 2384 598 2416; x_wconf 87' lang='grc'>147.</span> 
     </span>
     <span class='ocr_line' id='line_1_35' title="bbox 309 2445 1187 2487; baseline -0.003 -8"><span class='ocrx_word' id='word_1_250' title='bbox 309 2449 338 2487; x_wconf 77' lang='lat'>⁶)</span> <span class='ocrx_word' id='word_1_251' title='bbox 362 2447 420 2479; x_wconf 88' lang='lat' dir='ltr'>cfr.</span> <span class='ocrx_word' id='word_1_252' title='bbox 443 2447 659 2486; x_wconf 87' lang='lat' dir='ltr'>Hermann,</span> <span class='ocrx_word' id='word_1_253' title='bbox 682 2446 840 2487; x_wconf 83' lang='lat' dir='ltr'>Antiquit.</span> <span class='ocrx_word' id='word_1_254' title='bbox 863 2445 982 2478; x_wconf 88' lang='lat' dir='ltr'>Lacon.</span> <span class='ocrx_word' id='word_1_255' title='bbox 1005 2455 1036 2486; x_wconf 87' lang='lat' dir='ltr'>p.</span> <span class='ocrx_word' id='word_1_256' title='bbox 1060 2445 1099 2476; x_wconf 70' lang='grc' dir='ltr'>Γ(7</span> <span class='ocrx_word' id='word_1_257' title='bbox 1122 2450 1187 2477; x_wconf 82' lang='lat' dir='ltr'>not.</span> 
     </span>
     <span class='ocr_line' id='line_1_36' title="bbox 316 2510 597 2552; baseline -0.004 -9"><span class='ocrx_word' id='word_1_258' title='bbox 316 2512 338 2550; x_wconf 88' lang='lat'>⁷)</span> <span class='ocrx_word' id='word_1_259' title='bbox 362 2511 418 2543; x_wconf 77' lang='lat' dir='ltr'>cfr.</span> <span class='ocrx_word' id='word_1_260' title='bbox 443 2511 505 2552; x_wconf 86' lang='lat' dir='ltr'>frg.</span> <span class='ocrx_word' id='word_1_261' title='bbox 530 2510 597 2542; x_wconf 87' lang='lat'>118.</span> 
     </span>
     <span class='ocr_line' id='line_1_37' title="bbox 311 2574 619 2617; baseline -0.003 -8"><span class='ocrx_word' id='word_1_262' title='bbox 311 2577 338 2616; x_wconf 79' lang='lat'>⁸)</span> <span class='ocrx_word' id='word_1_263' title='bbox 360 2575 382 2609; x_wconf 85' lang='lat' dir='ltr'>l.</span> <span class='ocrx_word' id='word_1_264' title='bbox 404 2575 424 2607; x_wconf 93' lang='lat'>1.</span> <span class='ocrx_word' id='word_1_265' title='bbox 447 2576 472 2608; x_wconf 87' lang='grc' dir='ltr'>Ι.</span> <span class='ocrx_word' id='word_1_266' title='bbox 494 2585 524 2617; x_wconf 93' lang='lat' dir='ltr'>p.</span> <span class='ocrx_word' id='word_1_267' title='bbox 548 2574 619 2608; x_wconf 84' lang='lat'><strong>350.</strong></span> 
     </span>
    </p>
   </div>
  </div>
 </body>
</html>
