1728 2976
839 553 883 605 Ι.

506 689 585 732 DE
620 688 845 734 AETATE
879 688 1220 735 ALCMANIS.

285 791 359 837 Qui
386 792 433 830 de
461 795 591 843 aetate
619 793 816 831 Alcmanis
845 793 923 831 sive
948 794 1177 843 singillatim
1203 794 1443 842 scripserunt
1463 794 1541 833 sive

181 858 308 898 obiter
335 872 421 898 eam
439 860 653 910 tetigerunt
670 861 745 899 viri
765 860 997 909 doctissimi,
1022 861 1063 899 in
1082 861 1178 900 duas
1197 862 1410 900 sententias
1430 862 1543 912 longe

183 928 373 966 distantes
409 928 703 967 distrahuntur:
739 928 866 966 altera
901 929 953 966 ad
990 929 1141 978 Olymp.
1175 929 1322 967 XXVII
1349 930 1410 967 vel
1437 930 1544 967 XXX

183 995 289 1047 (intr.
317 1009 407 1036 ann.
437 998 510 1034 670
539 999 578 1034 et
607 998 743 1036 660.a.
774 995 862 1035 Chr.
891 995 988 1048 nat.)
1018 1009 1106 1035 eum
1133 996 1315 1048 refert,1)
1351 997 1477 1035 altera
1504 998 1544 1035 in

182 1064 329 1102 saeculi
357 1065 512 1113 septimi
540 1065 648 1102 exitu
676 1064 779 1102 circa
804 1064 956 1113 Olymp.
975 1065 1083 1102 XLII
1111 1065 1288 1102 collocat.
1302 1065 1334 1116 2)
1372 1066 1543 1110 Quarum

181 1144 301 1181 quum
328 1135 495 1182 utraque
522 1131 753 1171 testimoniis
779 1135 954 1170 veterum
981 1132 1216 1183 scriptorum
1244 1133 1388 1170 acriter
1416 1132 1546 1171 defen-

182 1199 309 1248 datur,
337 1200 434 1238 haec
453 1201 608 1249 quidem
627 1200 739 1239 nobis
765 1213 935 1250 quoque,
964 1201 997 1238 si
1025 1200 1119 1250 quid
1146 1202 1368 1239 accuratius
1397 1201 1444 1239 de
1472 1201 1545 1239 hac

181 1281 223 1306 re
258 1271 430 1307 statuere
464 1268 656 1317 volumus,
693 1268 873 1308 adeunda
910 1272 949 1307 et
984 1268 1242 1307 examinanda
1276 1272 1377 1308 sunt.
1434 1269 1546 1316 Quod

183 1337 216 1375 si
244 1337 469 1387 diligentius
496 1337 719 1386 fecerimus,
748 1338 855 1388 prior
884 1338 1077 1377 sententia
1106 1351 1169 1386 ea,
1198 1351 1298 1387 quae
1328 1338 1411 1377 sola
1440 1343 1543 1377 stare

181 1405 328 1454 possit,
356 1406 573 1456 apparebit.

287 1474 476 1523 Apertum
505 1474 552 1513 de
587 1474 785 1513 Alcmanis
818 1477 948 1513 aetate
982 1474 1246 1513 testimonium
1281 1478 1409 1513 exstat
1441 1475 1546 1525 apud

184 1542 359 1591 Suidam,
381 1544 448 1592 qui
467 1556 496 1583 s.
515 1557 551 1582 v.
566 1539 734 1592 Ἀλκμάν
743 1543 774 1594 3)
801 1544 905 1581 circa
926 1543 1077 1593 Olymp.
1096 1542 1243 1580 XXVII
1264 1556 1350 1581 eum
1369 1543 1546 1582 floruisse

182 1614 329 1650 narrat.
368 1611 439 1650 Cui
465 1611 550 1650 loco
578 1611 668 1650 inde
704 1611 810 1650 haud
843 1611 1018 1662 paullum
1055 1611 1304 1650 auctoritatis
1339 1612 1544 1660 accrescit,

182 1679 287 1730 quod
313 1680 465 1731 Ardyn,
493 1693 624 1730 regem
642 1680 856 1730 Lydorum,
884 1693 998 1730 quem
1016 1680 1405 1731 undequinquaginta
1424 1693 1546 1719 annos

180 1761 303 1799 usque
343 1749 395 1788 ad
436 1749 587 1800 Olymp.
628 1749 812 1788 XXXVII
851 1762 1034 1800 regnasse
1076 1748 1291 1801 constat-st)
1342 1749 1544 1799 aequalem

181 1802 379 1856 Alcmanis
406 1817 525 1856 fuisse
554 1818 676 1858 addit.
703 1819 1024 1858 Additamentum
1051 1819 1123 1858 hoc
1152 1832 1197 1857 ex
1224 1819 1319 1867 ipsis
1348 1818 1546 1857 Alcmanis

183 1885 420 1924 carminibus
455 1886 639 1924 haustum
679 1899 762 1925 esse
799 1900 823 1925 a
861 1887 994 1939 Suida·
1014 1886 1234 1937 videtur35)
1278 1886 1382 1935 quod
1416 1887 1448 1924 si
1481 1899 1547 1924 ne-

181 1957 312 2003 gatur,
349 1966 442 1992 sane
474 1954 616 1992 mirum
643 1954 761 2003 foret,
795 1954 979 1993 Laconici
1012 1958 1152 2004 poetae
1186 1957 1358 1993 aetatem
1393 1967 1440 1992 ex
1473 1955 1547 2004 Ly-

182 2021 320 2060 dorum
358 2034 494 2071 regum
531 2022 772 2073 temporibus
812 2037 836 2061 a
875 2022 1024 2061 Graeco
1067 2023 1255 2072 scriptore
1297 2023 1430 2061 statui.
1470 2023 1547 2062 Na-

292 2159 311 2199 ¹)
333 2158 541 2198 Welcker,
564 2159 700 2190 Alcman
720 2170 752 2200 p
796 2159 976 2198 .Ulrici,
1000 2159 1114 2191 Gesch
1133 2159 1189 2190 der
1204 2159 1280 2192 hel]
1295 2160 1494 2192 Dichtkunst
1509 2160 1548 2191 II.

180 2222 210 2252 p.
233 2211 303 2243 389.
325 2210 578 2253 Bernhardy,
602 2211 776 2243 Grundriss
797 2212 839 2244 ΙΙ.
860 2223 892 2253 p.
914 2212 986 2245 468.

284 2266 312 2303 ²)
337 2263 370 2295 C.
395 2263 432 2296 Ο.
452 2264 623 2302 Muner,
645 2263 761 2295 Gesch.
786 2264 842 2295 der
864 2265 985 2305 griech.
1008 2265 1174 2296 Literatur
1195 2266 1220 2297 I.
1243 2276 1274 2306 p.
1298 2266 1370 2297 350.
1392 2266 1547 2306 Hoeck,

182 2316 283 2348 Kreta
303 2316 361 2348 111.
383 2327 414 2357 p.
437 2315 507 2347 379.
549 2315 790 2356 Volkmann,
813 2317 896 2348 Plut.
920 2316 959 2348 de
981 2317 1102 2350 musica
1125 2328 1157 2358 p.
1180 2317 1229 2351 76.

291 2371 317 2412 ³)
389 2370 428 2417 ἦν
455 2370 490 2405 δὲ
516 2369 568 2404 ἐπὶ
592 2372 654 2415 τῆς
678 2370 726 2409 κζ’
755 2370 979 2415 ὀλυμπιάδος,
1006 2371 1238 2417 βασιλεύοντος
1264 2371 1382 2407 Λυδῶν
1400 2368 1549 2418 ’Ἄρδυος

184 2429 243 2463 τοῦ
266 2426 472 2463 Ἀλλυάττου
498 2427 632 2474 πατρός.

285 2486 311 2527 ⁴³)
333 2485 374 2518 cf
395 2484 514 2517 Herod
537 2485 561 2516 Ι.
585 2485 634 2516 15

290 2539 313 2577 ⁵)
337 2538 396 2571 cfr
424 2537 630 2577 Welcker,
660 2537 762 2569 Alcm
789 2548 821 2578 p.
854 2538 883 2570 7.
935 2537 1061 2578 Bode,
1096 2538 1213 2595 Gesch.
1246 2538 1303 2570 der
1332 2539 1408 2571 hell.
1438 2540 1549 2571 Dicht-

181 2591 282 2624 kunst
302 2592 344 2625 ΙΙ.
366 2601 399 2632 p.
421 2591 471 2624 15.

1304 2645 1349 2675 1*
