1728 2976
854 151 903 187 20

300 275 529 311 Tetrameter
555 277 797 311 catalecticus
826 277 865 311 in
892 276 978 322 syll.
1009 273 1181 312 occurrit
1208 272 1280 322 srg.
1313 275 1373 319 17,
1396 275 1417 311 3
1441 276 1481 312 et
1500 276 1562 321 49,

185 345 429 380 catalecticus
462 345 500 379 in
534 343 664 391 disyll.
700 340 773 391 frg.
811 343 878 390 24,
908 344 952 389 2;
993 343 1063 390 293
1100 343 1162 387 33,
1192 343 1214 379 2
1251 343 1290 380 et
1323 343 1367 390 4,
1398 343 1419 379 6
1449 344 1488 380 eb
1516 344 1561 388 73

187 412 254 458 34,
293 412 315 448 2
345 414 384 449 et
412 413 453 458 4,
490 413 723 448 acatalectus
758 409 831 460 frg.
870 412 938 458 33,
978 413 995 448 1
1027 412 1067 448 et
1095 412 1117 447 3
1147 412 1187 448 et
1215 412 1256 458 53
1292 412 1358 458 34,
1397 412 1415 448 1
1446 413 1486 448 et
1515 412 1560 457 3;

186 482 256 528 45;
291 481 362 527 463
397 482 458 518 47.
506 477 709 529 Spondeus
742 491 815 529 pro
853 477 1011 528 dactylo
1048 490 1138 517 raro
1175 477 1388 526 admissus,
1424 481 1563 528 quater

185 552 344 588 tantum
370 549 411 587 in
438 548 687 598 fragmentis,
724 560 825 597 quae
861 550 1040 586 exstant:
1077 550 1143 595 24,
1179 549 1222 595 2,
1257 546 1335 585 nisi
1367 546 1442 585 hoc
1476 547 1561 586 loco

186 616 382 666 spondeus
408 629 480 666 pro
508 615 593 654 basi
620 615 825 654 habendus
853 604 933 662 est3
962 617 1030 662 33,
1056 618 1073 652 1
1104 617 1145 653 et
1173 617 1216 662 5;
1247 617 1314 662 45,
1337 617 1371 653 3.
1402 616 1561 654 Tertius

184 697 255 734 pes
284 696 437 734 semper
464 683 656 733 dactylus.
691 683 886 722 Caesurae
914 683 1084 721 maxime
1112 682 1266 721 variant
1294 685 1334 721 et
1360 683 1560 722 masculae

186 756 226 790 et
255 752 449 792 femellae.

295 824 528 857 Pentametri
555 823 700 868 dactyl.
730 823 946 857 catalectici
971 820 1012 858 in
1040 820 1144 870 syll.,
1173 833 1289 870 quem
1319 820 1474 859 Servius
1503 822 1561 858 te-

184 891 419 927 trametrum
446 888 808 938 hypercatalectum
835 887 1039 937 appellans
1068 888 1246 927 Alcmani
1269 887 1469 939 tribuit,²)
1497 900 1561 926 ex-

185 956 356 1006 emplum
383 956 538 994 invenio
566 955 641 1005 frg.
671 958 739 1003 51,
769 955 961 1004 siquidem
988 956 1186 1004 integrum
1214 959 1284 994 est.

289 1024 453 1062 Praeter
481 1027 754 1062 tetrametrum
782 1023 1007 1073 saepissime
1036 1024 1207 1063 occurrit
1236 1040 1364 1062 versus
1383 1028 1558 1062 heroicus.

184 1094 275 1142 Frg.
307 1094 354 1129 26
384 1095 555 1141 quatuor
578 1095 735 1130 exstant
755 1092 992 1140 hexametri,
1018 1093 1084 1141 qui
1105 1105 1225 1142 quum
1247 1092 1461 1143 spondeum
1484 1105 1560 1131 non

185 1161 436 1208 admiserint,
472 1159 619 1210 dactyli
655 1160 791 1210 cyclici
820 1159 1002 1199 videntur
1030 1173 1125 1199 esse.
1166 1161 1287 1200 Simul
1315 1161 1560 1200 dulcedinem

184 1230 382 1279 quandam
411 1231 452 1267 et
486 1229 739 1277 suavitatem,
778 1242 879 1278 quae
914 1233 1145 1278 argumento
1181 1229 1327 1278 optime
1363 1230 1559 1278 congruit,

183 1297 273 1335 inde
301 1299 506 1347 repetunt,
542 1296 636 1346 quia
663 1297 704 1335 in
732 1295 859 1335 tribus
888 1295 1065 1336 versibus
1095 1295 1154 1348 (1,
1185 1298 1228 1344 2,
1258 1296 1298 1349 4)
1334 1296 1560 1347 tetrapodia

183 1379 283 1414 quae
313 1365 460 1403 dicitur
486 1364 686 1412 bucolica,
715 1366 756 1403 in
783 1365 902 1403 tertio
932 1378 1095 1403 caesura
1123 1364 1280 1404 femella
1306 1364 1405 1403 κατοὶ
1432 1364 1560 1417 τρίτον

181 1435 364 1486 τροχαῖον
391 1433 600 1473 invenitur.
634 1432 680 1470 In
709 1433 850 1471 ceteris
877 1432 1115 1471 hexametris
1146 1431 1235 1484 (frg.
1262 1433 1372 1484 393²)
1395 1435 1463 1481 4Ο;
1488 1436 1558 1480 41;

183 1501 268 1553 42),
298 1514 418 1551 quum
446 1505 719 1551 argumentum
748 1501 800 1539 sit
826 1514 988 1551 prorsus
1016 1501 1228 1549 diversum,
1258 1502 1415 1552 saepius
1443 1514 1560 1551 spon-

182 1570 278 1609 deus
305 1583 377 1621 pro
407 1570 565 1620 dactylo
595 1574 634 1609 et
668 1582 821 1620 semper
855 1582 1018 1609 caesura
1051 1570 1229 1610 mascula
1264 1582 1364 1620 quae
1397 1574 1560 1609 vocatur

181 1634 483 1690 πενθημιμερής
509 1639 640 1688 posita
668 1641 737 1676 est.

287 1707 500 1745 Praeterea
535 1706 763 1744 Alcmanius
799 1706 1024 1756 appellatur
1060 1710 1284 1758 heptameter
1316 1709 1557 1744 catalecticus

182 1778 221 1812 in
248 1778 335 1823 Syll.
366 1773 610 1824 (hexameter
636 1773 1048 1825 hypercatalectus),3)
1078 1775 1188 1813 cuius
1217 1772 1436 1824 exemplum
1462 1773 1557 1812 mihi

180 1841 337 1881 videtur
359 1853 443 1881 esse
465 1842 616 1892 primus
638 1854 772 1881 versus
793 1841 978 1892 strophae
998 1841 1132 1892 hymni
1152 1842 1194 1881 in
1215 1842 1344 1881 Iovem
1362 1842 1557 1893 Lycaeum

181 1911 253 1962 frg.
288 1911 365 1962 l.4)

289 1982 444 2017 Numeri
473 1981 716 2030 anapaestici
742 1978 859 2028 pauci
881 1990 1014 2017 versus
1033 1982 1195 2017 restant.
1232 1982 1397 2016 Dimeter
1421 1989 1558 2017 acata—

181 2051 292 2085 lectus
320 2048 492 2087 occurrit
519 2046 591 2097 frg.
616 2050 660 2085 19
684 2050 724 2085 et
748 2049 815 2095 32,
846 2050 885 2085 et
912 2047 988 2085 nisi
1016 2047 1093 2085 duo
1122 2046 1281 2086 dimetri
1307 2047 1381 2086 hoc
1408 2047 1494 2087 loco
1515 2048 1557 2086 in

179 2120 456 2155 tetrametrum
485 2114 744 2165 coniungendi
774 2118 882 2163 sunt,
911 2114 984 2165 frg.
1014 2117 1075 2153 28.

286 2189 493 2223 Dimetrum
521 2187 800 2230 catalecticum,
823 2184 890 2234 qui
909 2184 1180 2233 paroemiacus
1202 2187 1384 2233 vocatur,
1413 2184 1485 2235 frg.
1506 2187 1556 2223 30

180 2255 346 2293 invenio.

289 2420 310 2459 ¹)
334 2418 445 2449 Cent.
468 2428 498 2458 p.
524 2416 613 2449 1820.

283 2485 307 2520 ²)
331 2481 385 2513 Ad
408 2481 470 2522 frg.
493 2482 533 2512 39
556 2480 613 2512 cfr.
635 2479 787 2520 Bergk,
810 2479 900 2511 Poet.
923 2479 981 2520 lyr.
1004 2490 1026 2520 p
1061 2479 1148 2511 1385.

284 2546 309 2586 ³)
332 2545 393 2578 cfr.
416 2545 521 2577 Serv.
545 2556 575 2586 p.
600 2544 691 2577 1820.

284 2610 309 2650 ⁴)
332 2610 390 2640 cfr.
414 2608 501 2641 infra
522 2619 552 2649 p.
576 2608 627 2640 25.
