1728 2976
841 157 890 192 46

281 281 408 331 Supra
436 280 635 319 Alcmanis
664 281 839 319 carmina
866 280 1010 318 fabulis
1044 279 1315 329 mythologicis
1350 279 1550 319 abundare

175 349 356 387 diximus.
370 348 401 400 1)
440 348 551 394 Quod
579 348 707 398 ipsum
735 348 767 386 si
794 348 949 398 ingenio
981 347 1285 397 Spartanorum,
1315 347 1382 396 qui
1410 347 1552 386 fabulis

174 418 349 467 antiquis
363 417 451 467 plus
464 429 582 466 quam
598 429 755 454 suorum
767 420 988 466 temporum
1001 416 1186 454 memoria
1200 414 1549 468 delectabantur,²)

176 486 322 535 optime
343 485 539 533 convenit,
567 485 687 523 etiam
716 485 841 534 magis
870 497 970 533 quae
999 483 1047 522 de
1075 487 1219 522 natura
1246 483 1408 522 deorum
1437 487 1475 521 et
1504 483 1551 522 de

175 555 330 592 ratione
355 554 459 591 inter
484 553 577 591 deos
601 556 640 590 et
662 552 837 591 homines
861 556 979 601 atque
1004 551 1225 590 conditione
1252 541 1449 590 sententia
1470 552 1558 595 eius,

177 636 224 661 ex
248 622 477 671 fragmentis
503 621 769 669 cognoscitur,
795 621 1002 659 Laconicis
1027 621 1153 670 poetis
1180 634 1267 659 eum
1295 620 1553 658 adnumerare

177 690 294 739 cogit.
337 689 468 727 Unum
512 688 611 725 illud
652 687 930 737 fragmentum,
971 688 1077 737 quod
1115 688 1161 725 de
1198 688 1289 726 Fati
1327 678 1554 736 genealogia

175 757 287 796 nobis
310 760 508 795 servatum
537 759 619 794 est:
635 756 665 808 3)

367 841 513 897 (Τύχα)
542 840 737 892 Εὐνομίας
763 857 807 882 τε
833 843 899 882 καὶ
926 844 1106 889 Πειθοῦς
1132 840 1286 896 ἀδελφὰ

362 912 429 951 καὶ
456 911 719 965 Προμαθείας
746 909 942 964 θυγάτηρ,

177 998 408 1047 religionem
436 996 613 1035 declarat
641 1010 758 1046 quam
786 1009 946 1046 prorsus
982 996 1176 1034 diversam
1211 996 1260 1034 ab
1297 996 1457 1034 Homeri
1493 1009 1556 1046 cy-

177 1067 441 1114 clicorumque
469 1069 677 1114 poetarum
704 1064 870 1103 fabulis!
909 1064 980 1103 Cui
1013 1065 1046 1102 si
1083 1077 1355 1113 comparamus
1390 1064 1461 1113 frg.
1496 1068 1553 1102 16.

177 1134 270 1183 Pag.
301 1133 403 1181 11,2
433 1145 511 1182 sq.:

492 1212 645 1256 ...Ἔστι
672 1231 732 1262 τις
759 1219 853 1255 σιῶν
879 1215 1002 1262 τίσις·

490 1283 530 1323 Ὀ
558 1285 592 1323 δ’
609 1281 741 1335 ὄλβιος
769 1282 875 1331 ὅςτις
903 1280 1058 1338 εὔφρων

491 1352 639 1406 ἁμέραν
666 1353 943 1392 ὄιαπλέκει....

180 1452 297 1489 quam
326 1438 491 1477 honesta
519 1437 567 1476 de
596 1437 758 1476 deorum
786 1438 916 1476 animo
946 1440 985 1476 et
1012 1437 1184 1486 ingenio,
1220 1437 1267 1475 de
1302 1437 1464 1475 fortuna
1490 1438 1558 1476 ho-

180 1508 328 1546 minum
357 1507 527 1556 cognitio
561 1506 697 1556 paucis
730 1506 791 1545 his
819 1506 947 1544 verbis
981 1505 1126 1544 elucet!
1164 1505 1309 1544 Notum
1346 1510 1423 1554 est,
1458 1506 1558 1544 hanc

180 1575 382 1625 religionis
411 1574 756 1613 commutationem
785 1578 824 1613 et
861 1574 1189 1622 emendationem,
1226 1588 1325 1624 quae
1352 1574 1558 1625 Paullatim

180 1657 250 1693 per
272 1647 400 1682 totam
424 1642 632 1681 Graeciam
655 1642 829 1690 valebat,
851 1656 898 1681 ex
914 1643 1021 1681 cultu
1040 1643 1252 1692 Apollinis,
1273 1643 1560 1691 generosissimi

180 1710 342 1749 deorum
372 1710 630 1757 Graecorum,
660 1713 820 1748 enatam
849 1710 988 1761 esse.4)
1028 1709 1101 1755 Qui
1137 1710 1264 1748 cultus
1300 1722 1420 1759 quum
1455 1710 1560 1759 apud

181 1779 361 1817 nationes
385 1778 551 1816 Doricas
578 1781 616 1816 et
640 1778 832 1827 imprimis
855 1778 961 1828 apud
981 1778 1311 1816 Lacedaemonios
1333 1769 1502 1828 primum
1521 1780 1561 1816 et

181 1846 350 1884 maxime
380 1845 560 1884 floruerit
584 1849 704 1894 atque
730 1846 917 1895 viguerit,
934 1846 965 1897 ⁵)
989 1846 1094 1895 apud
1118 1846 1273 1884 eosdem
1297 1846 1560 1884 honestiorem

181 1914 291 1953 illam
320 1917 359 1952 et
381 1913 630 1952 emendatam
649 1913 878 1963 religionem
897 1915 1067 1964 primum
1082 1914 1266 1962 valuisse,
1289 1914 1456 1964 indeque
1473 1914 1561 1952 Alc-

181 1995 336 2021 manem
365 1995 450 2021 eam
480 1981 554 2020 sibi
581 1981 771 2030 induisse,
802 1987 1109 2022 consentaneum
1137 1985 1208 2021 est.

286 2050 420 2089 Etiam
449 2050 617 2101 simplex
652 2050 723 2089 illa
757 2054 796 2090 et
831 2051 1029 2091 interdum
1064 2064 1207 2101 aspera
1235 2050 1441 2090 verborum
1477 2063 1562 2089 sen-

184 2120 473 2169 tentiarumque
507 2123 670 2167 natura,
709 2132 808 2169 quae
842 2120 1020 2170 pluribus
1049 2120 1280 2170 fragmentis
1308 2119 1560 2169 perspicitur,

295 2303 313 2344 ¹)
337 2303 396 2336 cfr.
415 2313 446 2344 p.
468 2304 518 2336 39.
542 2321 578 2327 -
600 2303 659 2336 cfr.
681 2303 742 2344 frg.
763 2305 799 2345 ὃς
820 2303 858 2345 9;
880 2303 936 2344 10;
959 2305 1121 2336 103—111
1144 2307 1203 2337 et'c.

290 2368 315 2408 ²)
339 2366 395 2398 cfr.
414 2366 604 2406 Mueller,
625 2366 731 2398 Dorer
750 2367 794 2400 Π,
813 2377 845 2408 p.
865 2367 936 2399 376.

290 2430 314 2468 ³)
338 2430 400 2471 frg.
420 2430 470 2462 62.

289 2493 316 2531 ⁶)
340 2492 399 2526 cfr.
419 2492 610 2533 Mueller,
630 2493 736 2525 Dorer
750 2493 775 2525 I.
797 2503 829 2534 p,
844 2494 914 2525 346.
945 2493 1122 2534 Preller,
1143 2493 1325 2535 Mythol.1.
1342 2505 1375 2535 p.
1399 2494 1471 2526 215.
1497 2494 1561 2526 Ul-

182 2545 258 2577 rici
278 2545 320 2578 11.
340 2556 372 2586 p.
396 2545 446 2577 16.
1146 2561 1148 2563 -
1328 2558 1333 2561 ·

292 2610 315 2648 ⁵)
337 2608 397 2641 cfr.
418 2609 590 2641 Mueller
610 2609 635 2641 Ι.
655 2620 687 2650 p.
706 2609 778 2641 200.
811 2609 949 2641 Hoeck
970 2609 1011 2641 II.
1031 2620 1063 2650 p.
1084 2609 1125 2641 33
1140 2619 1188 2651 sq.
