1728 2976
833 161 882 196 34

271 283 326 321 Ut
356 284 562 321 conveniat
584 283 674 321 huic
699 283 867 331 formae,
890 298 1008 334 quam
1030 285 1333 334 descripsimus,
1355 286 1550 335 scriptura

162 350 332 399 tradita,
364 364 444 390 non
471 351 605 389 multis
633 364 731 401 opus
760 354 821 390 est
849 351 1209 399 emendationibus;
1235 351 1304 390 ubi
1322 365 1413 391 vero
1432 353 1548 403 plane

161 433 239 459 non
269 420 469 469 congruit,
499 420 618 458 etiam
646 432 693 458 ea
722 423 801 466 est,
836 424 880 459 ut
907 425 1069 471 propter
1098 420 1259 459 lacunas
1290 424 1329 459 et
1357 422 1548 463 vocabula

160 487 342 527 inaudita
371 490 578 527 contextus
607 488 797 537 explicari
825 501 903 527 non
931 489 1067 539 possit.

266 557 423 595 Priores
451 559 540 595 octo
569 569 702 595 versus
737 557 943 607 utriusque
978 557 1162 607 strophae
1204 557 1344 609 (2—9,
1378 561 1545 611 16—23)

160 638 321 675 prorsus
349 625 496 674 integri
522 628 635 673 sunt,
661 626 719 663 ita
746 629 791 663 ut
815 625 862 664 de
886 626 934 664 iis
961 625 1134 664 dubitari
1155 629 1336 675 nequeat.
1373 626 1418 665 V.
1451 630 1471 665 5
1500 631 1545 666 ut

161 693 261 741 dixi,
289 706 361 743 pro
391 689 619 745 ἀκήρυκτος,
655 693 761 743 quod
787 693 1013 732 Brinkius
1042 697 1081 732 et
1109 693 1343 743 Bergkius
1372 696 1545 735 coniece-

160 765 254 800 runt
267 792 276 809 ,
296 761 530 800 vocabulum
548 762 668 799 trium
688 761 928 811 syllabarum
947 762 1172 811 requiritur.
1200 762 1411 802 Praeterea
1430 764 1477 802 V.
1497 767 1541 802 17

160 829 341 868 vocabuli
365 826 551 874 Ὲνετικός
578 829 705 868 altera
733 829 885 879 syllaba
918 830 998 868 arsi
1030 830 1266 880 prolongata
1300 835 1377 879 est,
1414 831 1540 880 quod,

159 910 279 947 quum
309 898 361 936 sit
389 910 530 936 nomen
557 898 779 947 proprium,
808 898 907 935 nihil
935 897 1158 936 offensionis
1186 899 1226 936 in
1256 911 1298 937 se
1324 898 1457 939 habet.
1490 923 1542 927 —-

159 965 204 1003 V.
222 967 283 1006 22.
297 966 430 1016 prima
449 966 549 1004 arsis
569 965 744 1004 trochaei
764 966 892 1004 soluta
912 969 987 1014 est,
1012 966 1087 1003 nisi
1105 966 1145 1004 in
1164 965 1356 1005 vocabulo
1377 964 1542 1020 διαφρά-

159 1032 228 1071 ὂαν
256 1033 450 1083 synizesin
478 1033 688 1072 admittere
716 1034 843 1072 malis.

263 1102 399 1151 Neque
435 1103 564 1141 minus
604 1106 754 1141 certum
790 1106 850 1141 est
886 1105 1056 1141 metrum
1093 1106 1314 1142 ceterorum
1353 1104 1537 1154 strophae

157 1183 357 1217 versuum,
393 1182 559 1219 quorum
595 1170 753 1209 dimetri
788 1171 981 1209 trochaici
1017 1171 1157 1209 acatal.
1195 1171 1293 1222 (VV.
1327 1174 1371 1209 12
1402 1177 1442 1210 et
1473 1175 1536 1220 13,

158 1240 207 1276 26
237 1240 277 1276 et
306 1237 372 1289 27)
409 1238 553 1288 integri
582 1241 692 1287 sunt,
729 1239 953 1277 tetrametri
989 1238 1175 1289 dactylici
1204 1238 1249 1276 V.
1283 1241 1330 1276 14
1358 1239 1539 1278 emenda·

158 1307 283 1354 tione,
313 1306 358 1343 V.
390 1308 438 1343 28
468 1306 664 1355 scriptura
691 1307 841 1345 tradita
868 1307 1106 1356 probantur,
1137 1307 1242 1355 quod
1265 1307 1369 1345 idem
1389 1307 1435 1345 de
1454 1321 1538 1346 ver-

117 1361 128 1372 '
157 1373 264 1413 sibus
291 1374 531 1425 logaoedicis
564 1377 608 1412 15
631 1378 669 1413 et
695 1377 742 1412 29
769 1374 977 1413 dicendum
1005 1378 1075 1413 est.
1105 1374 1237 1413 Unum
1267 1374 1372 1424 quod
1399 1375 1439 1413 in
1468 1374 1538 1413 du-

154 1443 262 1481 bium
290 1447 452 1482 vocetur
480 1447 624 1491 restat,
659 1448 704 1481 ut
731 1457 914 1482 versuum
947 1447 993 1481 10
1022 1447 1061 1482 et
1093 1447 1156 1492 11,
1194 1446 1244 1481 24
1272 1447 1311 1482 et
1340 1446 1387 1481 25
1418 1457 1537 1494 quam

156 1511 246 1551 dedi
274 1525 499 1551 mensuram
529 1510 764 1551 confirmem.
803 1511 949 1550 Verum
983 1512 1103 1550 etiam
1135 1511 1208 1550 hoc
1243 1514 1411 1550 metrum
1446 1523 1535 1551 con-

154 1585 246 1620 stat.
273 1581 375 1619 Nam
404 1594 451 1619 ex
480 1580 632 1619 duobus
661 1580 837 1619 versibus
855 1580 1115 1629 logaoedicis,
1137 1594 1235 1630 quos
1254 1581 1412 1630 utrique
1433 1584 1536 1619 stro-

154 1648 256 1699 phae
277 1648 399 1686 tribui
422 1648 521 1700 (VV.
543 1651 588 1686 10
609 1651 649 1686 et
672 1651 735 1696 11,
757 1651 807 1686 24
827 1651 867 1686 et
882 1649 966 1698 25),
987 1649 1029 1686 in
1053 1648 1184 1698 priore
1213 1648 1374 1698 stropha
1401 1660 1534 1686 versus

155 1717 349 1755 secundus
371 1717 433 1767 (V.
459 1716 540 1768 11),
560 1717 600 1754 in
619 1717 745 1755 altera
764 1730 899 1755 versus
922 1718 1072 1766 primus
1094 1717 1154 1769 (V.
1179 1716 1244 1768 24)
1268 1716 1341 1755 hoc
1365 1719 1535 1755 metrum

154 1789 289 1836 aperte
318 1785 509 1837 ferunt,¹)
545 1789 589 1823 ut
624 1785 671 1823 de
709 1785 872 1834 reliquis
908 1784 1058 1823 duobus
1094 1785 1161 1835 (10
1191 1788 1229 1823 et
1258 1784 1344 1836 25),
1381 1784 1535 1823 etiamsi

156 1853 266 1892 aliud
284 1854 471 1892 indicium
492 1854 643 1892 nullum
663 1857 781 1901 esset,
808 1866 921 1892 nemo
942 1856 1075 1903 posset
1094 1853 1286 1892 dubitare.
1323 1853 1397 1900 Qui
1416 1852 1535 1891 iidem

153 1926 288 1961 tamen
316 1935 469 1971 versus,
500 1935 737 1972 quamquam
767 1921 987 1960 emendatio
1013 1935 1090 1960 non
1110 1921 1252 1971 liquet,
1276 1924 1425 1959 rectam
1448 1934 1533 1959 esse

154 2004 376 2029 mensuram
406 2004 524 2041 quam
553 1990 643 2029 dedi
672 1991 961 2038 demonstrant,
983 2003 1103 2041 quum
1122 1990 1265 2041 prioris
1285 2003 1419 2029 versus
1438 2002 1532 2040 pars

152 2059 261 2109 prior
300 2059 362 2111 (V.
396 2062 454 2099 10.
484 2054 584 2097 οὔτε.
614 2056 837 2112 mimicam),
875 2059 1040 2098 alterius
1068 2059 1197 2097 altera
1231 2058 1293 2109 (V.
1324 2059 1385 2098 25.
1413 2055 1532 2105 κόλαξ

153 2127 253 2172 Διὸς
281 2127 509 2180 δραμεῖται)
538 2132 663 2167 metro
694 2131 906 2178 congruat3
927 2131 1057 2167 cetera
1076 2128 1263 2167 lacunosa
1283 2126 1347 2179 (V.
1371 2127 1434 2178 10)
1463 2129 1533 2165 aut

153 2199 341 2246 corrupta
370 2196 434 2248 (V.
465 2197 545 2247 25).

258 2265 367 2304 Haec
395 2264 532 2304 divisio
561 2264 729 2303 metrica
756 2265 876 2303 etiam
905 2265 992 2315 ipsa
1012 2264 1150 2303 charta
1167 2262 1375 2315 probatur,
1394 2263 1435 2301 111
1454 2275 1532 2312 qua

153 2333 400 2383 singularum
429 2333 680 2384 stropharum
707 2332 795 2372 finis
822 2333 928 2372 linea
954 2337 1180 2372 transversa
1204 2336 1297 2383 post
1319 2344 1455 2371 versus
1485 2333 1530 2369 15

152 2406 192 2441 et
222 2405 270 2440 29
300 2401 542 2452 significatus
571 2402 686 2453 est.²)

264 2559 283 2598 ¹)
306 2556 362 2589 cfr:
386 2565 469 2597 quae
491 2556 532 2588 ad
556 2556 617 2588 hos
639 2565 752 2588 versus
775 2556 930 2589 adnotata
953 2558 1038 2588 sunt.

259 2620 282 2660 ²)
306 2618 362 2650 cfr.
387 2618 569 2659 exemplum
586 2619 732 2658 chartae,
750 2618 836 2658 quod
852 2617 942 2649 dedit
958 2617 1120 2658 Bergkius
1135 2617 1226 2649 Poet.
1243 2617 1301 2658 lyr.
1318 2616 1376 2649 Gr.
1390 2627 1423 2657 p.
1441 2616 1532 2649 1380.
