1728 2976
532 676 534 678 .
827 635 903 686 II.

496 739 581 786 'DE
615 740 847 787 METRIS
885 740 1227 787 ALCMANIS.

286 844 359 892 Qui
387 845 555 884 strictim
584 848 741 884 tantum
769 848 808 884 et
836 845 948 896 quasi
975 844 1016 883 in
1037 844 1207 883 transitu
1225 843 1445 894 fragmenta
1466 844 1553 883 Alc-

179 914 304 951 manis
329 914 586 962 percurrerit,
607 927 693 951 eum
715 914 847 962 fugere
870 926 948 951 non
971 916 1102 962 potest
1123 925 1265 961 magna
1284 913 1553 961 rhythmorum

182 984 475 1031 metrorumque
506 981 618 1031 copia
647 984 686 1020 et
706 981 894 1029 varietas,
928 994 1007 1031 qua
1034 993 1146 1020 nemo
1169 979 1249 1019 fere
1278 980 1395 1019 etiam
1424 983 1554 1031 poste-

181 1051 328 1088 riorum
356 1053 563 1100 poetarum
592 1063 679 1088 eum
708 1050 919 1100 superavit.
957 1050 1115 1087 Nullum
1151 1049 1232 1088 fere
1267 1062 1388 1099 genus
1420 1049 1554 1099 rhyth—

178 1118 322 1156 micum
347 1119 387 1156 in
415 1118 496 1156 eius
525 1118 762 1156 carminibus
782 1131 860 1156 non
882 1118 1116 1166 invenimus,
1139 1130 1239 1167 quae
1260 1130 1323 1155 res
1344 1130 1388 1155 eo
1406 1118 1553 1155 maiore

178 1200 248 1225 nos
270 1187 531 1225 admiratione
554 1186 711 1225 afficere
734 1186 861 1234 debet,
884 1200 1005 1236 quum
1028 1187 1094 1235 qui
1115 1187 1151 1224 ei
1166 1186 1402 1224 antecedunt
1415 1189 1554 1235 poetae

178 1268 310 1294 omnes
337 1269 455 1294 unam
483 1259 639 1294 tantum
663 1256 723 1294 vel
748 1255 912 1294 alteram
934 1258 1149 1294 metrorum
1174 1257 1214 1292 et
1238 1255 1454 1293 carminum
1477 1254 1555 1293 for-

178 1337 282 1361 mam
300 1324 503 1362 coluerint.
528 1324 798 1374 Terpandrum
821 1324 964 1362 scimus
980 1336 1095 1361 versu
1113 1323 1270 1361 heroico
1290 1336 1402 1360 usum
1422 1322 1553 1370 fuisse,

180 1395 219 1430 et
247 1392 279 1430 si
309 1404 356 1430 ex
378 1405 582 1431 nomorum
604 1392 762 1431 traditis
786 1391 1007 1431 nominibus
1029 1391 1211 1442 colligere
1236 1391 1346 1440 licet,
1369 1391 1553 1431 trochaeo

180 1465 356 1500 semanto
392 1465 430 1499 et
472 1462 614 1500 orthio.
629 1461 660 1513 ¹)
710 1461 913 1509 Thaletas,
949 1474 1063 1511 quem
1098 1461 1220 1499 secuti
1254 1464 1343 1499 sunt
1376 1460 1554 1498 Xenoda-

177 1542 264 1567 mus
301 1532 340 1567 et
375 1528 627 1577 Xenocritus,
665 1529 981 1579 hyporchematis
1025 1528 1244 1567 excolendis
1284 1529 1448 1578 gloriam
1482 1527 1554 1566 sibi

177 1598 349 1647 paravit,
385 1598 426 1635 in
455 1611 531 1647 quo
561 1598 777 1636 carminum
810 1611 951 1647 genere
984 1597 1209 1647 rhythmum
1243 1598 1428 1635 creticum
1466 1610 1553 1635 eum

178 1664 403 1703 adhibuisse
432 1668 734 1703 consentaneum
769 1669 840 1705 est.
875 1666 1061 1704 Fortasse
1098 1665 1263 1715 dactylis
1298 1677 1451 1714 quoque
1484 1664 1553 1714 hy·

177 1734 478 1784 porchematicis
512 1748 606 1773 usus
642 1737 719 1783 est,
754 1735 847 1785 quia
876 1735 1084 1785 Olympum
1115 1734 1326 1784 Phrygem,
1363 1734 1471 1773 cuius
1507 1747 1554 1772 ex

176 1807 263 1841 arte
298 1802 470 1841 auletica
504 1803 768 1842 Stesichorum
796 1803 954 1853 quidem
981 1803 1176 1853 dactylica
1204 1806 1417 1853 systemata
1444 1815 1555 1853 repe-

180 1873 315 1911 tivisse
346 1872 563 1924 constat,²)
587 1885 675 1911 eum
696 1872 894 1911 imitatum
916 1885 1000 1911 esse
1021 1871 1256 1911 Plutarchus
1279 1875 1418 1911 auctor
1440 1874 1510 1912 est.
1521 1871 1551 1922 ³)

178 1941 281 1978 Dum
309 1940 405 1979 haec
431 1944 522 1978 sunt
542 1944 670 1978 metra
688 1941 728 1978 in
751 1941 914 1978 canticis
938 1953 1051 1978 sacra
1075 1940 1235 1978 deorum
1261 1939 1553 1978 illustrantibus

178 2009 344 2057 usitata,
379 2008 546 2047 alteram
584 2012 738 2059 partem
771 2009 964 2059 poematis
998 2008 1127 2059 lyrici,
1166 2021 1244 2058 qua
1278 2021 1372 2058 gens
1411 2008 1555 2046 Dorica

177 2076 468 2125 delectabatur,
496 2077 731 2127 hymenaeos
760 2081 799 2115 et
827 2077 1098 2127 epithalamia,
1133 2090 1233 2126 quae
1262 2079 1453 2126 quantum
1482 2076 1553 2114 sci-

177 2159 282 2195 mus,
320 2145 489 2185 artificio
525 2149 564 2185 et
597 2146 753 2196 ingenio
788 2149 995 2197 poetarum
1027 2145 1201 2185 nondum
1235 2145 1390 2184 exculta
1426 2157 1550 2194 neque

175 2215 301 2265 polita
329 2218 459 2264 erant,
495 2214 631 2253 metris
664 2214 814 2254 levibus
843 2216 947 2254 omni
974 2215 1060 2265 lege
1088 2215 1225 2253 solutis
1252 2213 1460 2253 verisimile
1489 2216 1551 2252 est

177 2284 337 2323 condita
365 2297 460 2322 esse.
498 2284 676 2331 Quantus
705 2288 765 2323 est
793 2284 843 2323 ab
870 2284 945 2323 hac
973 2284 1226 2334 simplicitate
1252 2282 1474 2333 rhythmica
1501 2282 1552 2321 ad

176 2354 330 2403 copiam
357 2352 556 2391 Alcmanis
585 2356 624 2391 et
651 2353 883 2391 varietatem
916 2352 1165 2403 progressus!
1200 2353 1387 2390 Attamen
1420 2351 1552 2388 inven-

310 2487 329 2524 1)
353 2486 412 2518 cfr.
434 2485 540 2517 Poll.
562 2485 618 2518 1V.
640 2486 690 2517 65.

306 2545 331 2583 ²)
354 2543 414 2576 cfr.
437 2543 542 2575 Plut.
566 2543 607 2575 de
629 2552 708 2575 muS.
732 2552 759 2575 e.
782 2542 811 2575 7.
833 2553 864 2584 p.
890 2545 918 2582 7,
941 2542 970 2575 8.

303 2603 326 2643 3)
350 2601 406 2633 cfr.
428 2601 504 2634 ibid.
528 2612 560 2641 p.
583 2604 612 2640 7,
639 2604 688 2633 10.
