1728 2976
847 121 894 156 36

179 244 280 282 riam
309 245 412 282 enim
438 244 684 283 harmoniam
711 244 929 293 partheniis
958 257 1074 294 saepe
1103 257 1190 283 eum
1218 244 1443 283 adhibuisse
1466 245 1556 283 Plu-

181 311 343 351 tarchus
371 315 513 351 auctor
540 317 620 351 est:
638 313 667 363 1)
707 308 787 350 Οὔκ
814 308 942 364 ἠγνόει
971 311 1014 351 δὲ
1051 312 1121 364 (sc.
1150 313 1300 364 Plato),
1339 308 1400 351 ὅτι
1431 311 1557 354 πολλὰ

180 377 303 433 δώρια
320 380 516 433 παρθένια
533 377 771 430 Ἀλκμᾶνι...
792 380 1023 433 πεποίηται,
1053 378 1150 420 ἀλλὰ
1176 381 1252 433 μὴν
1278 381 1343 420 καὶ
1371 377 1433 419 ὅτι
1459 394 1556 434 προ-

180 446 296 488 σόδια
321 450 387 489 καὶ
414 453 589 496 παιᾶνες.
625 449 844 489 Referenda
878 450 954 489 huc
990 450 1200 500 parthenia
1236 454 1327 489 sunt
1360 450 1555 500 dactylico

179 519 361 569 rhythmo
391 521 619 570 composita.
634 519 665 571 ²)
709 519 923 569 Phrygium
950 519 1110 558 modum
1137 516 1222 569 ipse
1247 522 1364 569 poeta
1392 531 1556 558 comme-

178 591 330 627 morat:
350 588 381 640 3)
416 585 585 641 Φρύγιον
612 583 777 640 αὔλησεν
803 587 922 637 μέλος
951 584 1180 640 Κερβὴσιον.
1217 588 1352 637 Neque
1371 600 1462 626 vero
1481 587 1556 637 Ly-

179 656 286 693 dium
313 657 473 695 modum
506 656 732 706 ignorabat,
772 656 813 694 id
841 656 946 706 quod
973 657 1053 694 iam
1080 656 1170 694 inde
1199 656 1380 705 colligere
1409 656 1554 704 possis,

178 724 272 773 quia
299 725 384 774 ipse
412 725 571 764 natione
599 725 731 775 Lydus
760 724 853 772 fuit,
890 725 1045 763 etiamsi
1082 737 1160 762 non
1188 727 1389 762 exstarent
1417 725 1556 761 carmi-

180 805 270 830 num
292 793 501 842 reliquiae,
531 806 697 843 quorum
716 792 899 842 rhythmo
918 792 1019 830 hanc
1037 792 1283 830 harmoniam
1302 792 1447 841 optime
1466 803 1556 846 con-

178 861 309 899 venire
337 865 475 900 notum
504 865 575 901 est.
619 860 767 908 Quibus
802 873 1015 899 annumero
1049 860 1295 911 praeclarum
1326 859 1426 898 illud
1452 858 1556 908 frag-

178 933 355 967 mentum
391 933 457 977 60,
495 930 722 979 logaoedico
751 933 876 968 metro
906 928 1235 980 constructum,4)
1269 941 1395 977 neque
1427 928 1556 965 minus

180 1000 396 1047 systemata
423 998 596 1036 numeris
624 997 835 1036 trochaicis
865 997 1100 1048 composita,
1116 996 1145 1048 5)
1166 1008 1333 1046 quorum
1358 996 1433 1035 levi
1460 995 1557 1035 mol-

178 1066 284 1114 lique
313 1066 454 1115 gradui
482 1066 669 1104 mollities
696 1066 813 1104 huius
841 1065 1069 1104 harmoniae
1097 1066 1263 1104 maxime
1292 1068 1388 1114 apta
1417 1068 1488 1105 est.

287 1133 465 1183 Organa,
493 1132 635 1183 quibus
663 1133 714 1171 ad
742 1132 940 1171 ducendos
970 1132 1108 1172 choros
1136 1145 1229 1171 usus
1258 1135 1335 1181 est,
1363 1132 1489 1182 lyram
1517 1135 1556 1170 et

178 1201 316 1240 tibiam
353 1204 437 1251 ipse
470 1202 713 1253 nominat;⁶)
755 1214 880 1250 neque
921 1201 1105 1250 magadin
1142 1201 1306 1251 Lydiam
1342 1201 1554 1250 ignoravit,

178 1269 288 1308 cuius
325 1273 458 1308 tamen
494 1259 605 1318 usus,
653 1270 686 1308 si
722 1269 933 1320 fragmenti
971 1258 1090 1308 yerba
1127 1269 1272 1308 acriter
1309 1269 1553 1319 inspicimus,

182 1339 348 1389 Spartae
376 1353 454 1378 non
482 1339 638 1378 videtur
665 1339 859 1377 admissus
886 1338 1059 1389 fuisse.⁷)

283 1406 496 1456 Tibicines,
526 1408 592 1457 qui
621 1407 749 1446 choris
778 1407 861 1446 eius
889 1405 1164 1455 concinebant,
1192 1407 1446 1445 nominantur
1474 1410 1554 1445 tres

179 1475 229 1514 ab
258 1475 483 1525 Athenaeo,
512 1477 672 1515 natione
699 1476 897 1527 Phryges:
929 1474 1110 1524 Sambas,
1139 1475 1269 1524 Adon,
1299 1476 1469 1527 TeIOS.8)

285 1613 309 1654 ¹)
332 1613 373 1644 de
394 1622 476 1645 mus.
499 1623 526 1646 c.
548 1612 598 1644 17.
621 1623 652 1654 p.
679 1612 777 1652 13‚8.

284 1677 309 1716 ²)
333 1676 391 1708 cfr.
414 1676 594 1715 Boeckh‚
616 1675 636 1706 l.
658 1675 680 1707 l.
702 1686 733 1716 p.
756 1675 827 1707 280.

281 1738 306 1779 ³)
330 1738 392 1779 frg.
415 1738 465 1770 82.

282 1802 309 1841 Α)
332 1801 391 1833 cfr.
414 1811 512 1842 supra
534 1812 565 1842 p.
588 1801 637 1832 28.
673 1800 848 1840 Miiller,
871 1801 975 1834 Dorer
997 1802 1037 1833 Π.
1062 1812 1094 1842 p.
1116 1801 1186 1832 370.
1231 1801 1343 1832 Bode
1363 1802 1433 1834 IIb.
1455 1812 1486 1842 p.
1505 1803 1552 1833 19.

284 1864 307 1904 ⁵)
330 1864 389 1896 cfr.
410 1863 597 1903 Boeckh,
620 1864 640 1896 Ι.
663 1863 684 1895 l.
706 1874 738 1904 p.
761 1863 834 1896 287.
1472 1851 1474 1853 v

282 1927 307 1968 ⁶)
330 1927 387 1959 cfr.
411 1927 472 1968 frg.
496 1927 537 1959 35
560 1931 592 1959 et
615 1928 673 1968 663
697 1927 737 1958 78
760 1930 792 1958 et
814 1927 865 1958 82.

287 1990 307 2031 ⁷)
329 1991 389 2023 cfr.
414 1990 478 2031 frg.
500 1992 561 2022 91:
586 1990 727 2036 μάγαδιν
754 1991 782 2025 δ’
800 1990 1002 2026 ἀποθέσθαι.

282 2055 307 2095 ³)
330 2054 481 2086 Athen.
504 2055 592 2087 XIV.
615 2054 678 2086 624
698 2054 735 2086 B.
770 2054 825 2088 cfr.
848 2054 911 2095 frg.
935 2054 1005 2087 112.
