1728 2976
841 127 886 162 12

177 249 374 299 floruerit3
410 263 537 301 neque
564 250 672 290 aliud
700 250 914 301 quidquam
943 251 1081 287 contra
1107 248 1210 287 hanc
1236 250 1457 297 temporum
1484 258 1547 285 ra-

177 318 325 358 tionem
353 322 488 370 potest
515 318 661 358 afferri.

281 388 367 427 Iam
395 388 491 427 satis
519 388 614 427 mihi
642 388 801 427 evicisse
829 387 980 435 videor,
1011 400 1058 426 ex
1083 389 1256 425 veterum
1281 384 1438 435 scriptis
1463 383 1548 423 nul-

177 455 258 493 lum
291 455 437 503 locum,
475 456 542 505 qui
569 459 745 494 nostram
772 458 989 505 temporum
1027 454 1328 504 descriptionem
1353 453 1482 503 planis
1509 454 1549 490 et

179 523 353 562 definitis
383 523 526 562 Suidae
557 523 797 573 Eusebiique
830 523 1064 561 testimoniis
1098 522 1297 561 defensam
1329 519 1548 569 subvertat,

183 592 348 630 inveniri
382 604 510 641 posse.

288 660 466 707 Accedit,
503 663 548 698 ut
583 660 659 698 hac
696 660 780 698 sola
817 663 1036 708 temporum
1073 658 1225 697 ratione
1263 658 1428 695 Alcman
1462 669 1549 696 eum

178 739 297 776 quem
328 727 444 766 debet
470 727 598 766 locum
627 728 668 766 in
695 728 860 766 historia
888 726 985 765 artis
1018 726 1163 776 lyricae
1193 725 1366 764 Graecae
1400 728 1548 773 teneat,

179 808 301 845 quum
323 796 517 845 opinionis
538 796 759 835 contrariae
782 808 828 834 ea
849 808 926 833 non
946 795 1105 833 minima
1124 794 1177 832 sit
1196 792 1424 841 confutatio,
1445 793 1550 842 quod

179 877 334 903 omnem
362 865 490 914 poesis
518 865 663 915 lyricae
690 864 908 914 legitimum
935 875 1181 914 progressum
1215 866 1253 901 et
1287 861 1462 900 ordinem
1494 862 1552 901 in-

182 936 322 971 vertat.
351 932 454 978 Quid
482 934 613 971 enim‘?
642 945 768 971 nonne
797 935 974 970 statuunt
1003 932 1076 969 viri
1103 931 1161 968 illi
1182 931 1408 968 Alcmanem
1432 930 1551 968 Stesi-

180 999 298 1039 choro
332 1003 430 1039 natu
463 1000 712 1052 minorem,¹)
742 1000 876 1038 Alcaei
909 1003 947 1038 et
983 999 1161 1049 Sapphus
1195 997 1466 1050 aequalem?²)
1499 997 1551 1036 Et

180 1071 331 1115 tamen,
360 1071 404 1106 ut
434 1068 576 1107 Suidae
604 1069 751 1115 locum,
791 1080 867 1116 quo
894 1068 1010 1117 plane
1044 1071 1083 1105 et
1116 1070 1252 1117 aperte
1288 1067 1550 1105 Stesichorum

179 1139 269 1185 post
291 1136 516 1175 Alcmanem
543 1135 722 1175 floruisse
751 1135 981 1187 affirmat,³)
1012 1136 1207 1183 omittam,
1235 1147 1348 1174 nemo
1378 1138 1455 1183 est,
1484 1135 1550 1184 qui

180 1208 219 1243 et
247 1205 394 1243 formae
424 1207 464 1242 et
490 1218 620 1243 rerum
645 1217 829 1254 magnum
856 1218 938 1243 esse
961 1217 1209 1254 progressum
1229 1205 1332 1242 inter
1353 1204 1550 1242 Alcmanis

179 1273 354 1312 carmina
383 1276 422 1311 et
448 1272 587 1311 horum
616 1285 713 1322 quos
742 1273 822 1311 dixi
850 1276 1056 1323 poetarum
1083 1272 1236 1322 ignoret
1260 1272 1320 1310 vel
1347 1270 1549 1310 infitietur.

180 1341 308 1387 Quum
338 1340 606 1379 Stesichorum
634 1355 712 1380 non
747 1341 949 1391 stropham
985 1344 1139 1379 tantum
1174 1345 1212 1379 et
1245 1334 1550 1389 antistropham,

179 1408 248 1447 sed
275 1409 396 1447 etiam
425 1408 592 1458 epodum
621 1408 845 1447 adhibuisse
873 1413 1009 1447 notum
1038 1408 1151 1460 sit,4)
1181 1409 1221 1445 in
1257 1408 1365 1458 poesi
1399 1408 1552 1446 Alcma-

178 1477 239 1515 nis
268 1477 419 1515 nullum
447 1477 576 1515 adhuc
611 1477 725 1527 epodi
752 1478 956 1527 vestigium
985 1480 1185 1527 repertum
1214 1480 1282 1515 est.
1318 1476 1453 1525 Neque
1482 1476 1552 1514 mi-

181 1559 253 1584 nus
281 1545 464 1595 strophas
492 1545 628 1584 Alcaei
656 1549 695 1584 et
724 1545 921 1596 Sapphus,
943 1558 1180 1595 quamquam
1202 1545 1320 1583 etiam
1342 1544 1444 1595 apud
1465 1544 1552 1583 Alc-

177 1626 332 1652 manem
373 1613 510 1651 breves
543 1613 614 1652 has
643 1613 922 1653 Lesbiacorum
955 1617 1159 1663 poetarum
1194 1613 1374 1663 strophas
1407 1613 1553 1651 inveni-

179 1694 284 1728 mus,
315 1681 541 1719 concinnius
569 1685 700 1719 tamen
729 1685 768 1719 et
795 1681 1006 1731 perfectius
1035 1682 1269 1731 compositas
1299 1693 1400 1725 esse,
1426 1681 1551 1730 primo

182 1750 295 1799 quasi
324 1749 513 1799 adspectu
540 1749 677 1798 liquet.
711 1749 819 1787 Idem
849 1749 895 1787 de
923 1753 1152 1798 argumento
1181 1749 1396 1787 carminum
1425 1748 1553 1786 dicen-

182 1818 275 1857 dum
305 1821 375 1858 est.
405 1817 512 1856 Duas
540 1818 642 1856 enim
670 1817 759 1856 illas
786 1821 936 1868 partes,
965 1818 1004 1855 in
1032 1830 1130 1867 quas
1153 1817 1279 1867 poesis
1298 1817 1421 1867 lyrica
1447 1816 1552 1868 apud

177 1888 349 1926 Graecos
378 1886 567 1935 discessit,
598 1887 795 1926 choricam
823 1890 863 1925 et
890 1886 1078 1934 melica-m,
1102 1900 1221 1936 quum
1241 1885 1346 1936 apud
1368 1899 1432 1925 eos
1454 1899 1550 1935 quos

179 1967 299 2005 supra
319 1954 399 1993 dixi
419 1958 556 2005 poetas
581 1956 660 1994 iam
678 1955 836 2006 penitus
859 1955 1002 1993 divisas
1023 1955 1282 2002 inveniamus,
1304 1967 1423 1992 unum
1447 1953 1551 2003 quod

177 2036 302 2073 nuper
331 2027 532 2072 repertum
560 2028 619 2063 est
647 2024 909 2073 fragmentum
936 2023 1069 2073 hymni
1095 2023 1136 2061 in
1163 2022 1373 2061 Dioscuros
1383 2022 1413 2073 ⁵)
1444 2022 1476 2060 si
1495 2021 1552 2059 di-

307 2193 326 2233 ¹)
349 2192 406 2224 cfr.
430 2191 470 2223 de
494 2194 602 2224 aetat-e
624 2190 803 2223 Stesichori
826 2190 962 2223 Ulrici
991 2190 1032 2222 ΙΙ.
1053 2200 1084 2231 p.
1107 2190 1185 2230 4013
1214 2189 1320 2221 Bode
1339 2188 1418 2221 ¹Hb.
1442 2198 1473 2229 p.
1495 2189 1551 2229 4¹3

171 2245 335 2278 Muller
357 2246 381 2277 Ι.
403 2256 436 2286 p.
459 2245 531 2277 357.

298 2305 324 2342 ²)
348 2303 405 2335 cfr.
439 2303 479 2334 de
507 2305 615 2334 aetate
643 2301 756 2333 Alcaei
787 2301 919 2333 Ulrici
946 2302 987 2333 ΙΙ.
1016 2312 1046 2342 p.
1077 2301 1154 2340 3533
1181 2301 1233 2332 Bo
1245 2300 1290 2332 de
1318 2300 1385 2332 IIb.
1417 2311 1449 2340 p.
1471 2300 1550 2340 3793

171 2356 328 2390 Muller
350 2356 375 2388 Ι.
396 2366 428 2396 p.
449 2355 510 2386 299
544 2373 585 2377 —
607 2354 647 2386 de
671 2358 777 2386 aetate
800 2354 951 2395 Sapphus
976 2354 1110 2386 Ulrici
1131 2354 1173 2386 II.
1195 2364 1226 2394 p.
1249 2354 1328 2393 360;
1352 2352 1458 2385 Bode
1480 2352 1551 2385 11b.

171 2420 204 2450 p.
227 2408 480 2450 411;M1·111er
502 2407 527 2440 I.
550 2418 572 2448 p
606 2408 677 2440 310.

301 2467 326 2507 ³)
350 2475 375 2498 s·
397 2476 428 2498 v.
456 2465 676 2512 Στησίχορος.

299 2530 325 2569 ⁴)
347 2528 405 2561 cfr.
423 2527 532 2559 Bode
548 2527 611 2559 11b.
626 2537 658 2568 p.
676 2526 727 2559 75.
750 2526 954 2565 Welcker‚
977 2526 1132 2559 Kleinere
1149 2526 1314 2558 Schriften
1336 2526 1362 2559 Ι.
1377 2535 1409 2567 p.
1428 2526 1486 2557 169
1503 2534 1550 2566 sq.

300 2587 325 2626 ⁵)
352 2586 414 2627 frg.
438 2587 486 2618 16.
510 2585 544 2617 in
566 2584 738 2625 Bergkii
760 2585 851 2616 Poet.
874 2585 932 2626 lyr.
958 2584 1071 2617 Graec.
1094 2595 1126 2625 p.
1148 2584 1209 2617 824
1232 2594 1280 2625 sq.
1304 2583 1369 2623 (ed.
1391 2584 1463 2617 ΙΙΙ.)
