1728 2976
851 143 897 177 10

179 270 360 317 spectare
386 280 500 306 nemo
528 270 588 306 est
615 268 711 316 quin
739 267 881 307 videat.
928 267 1035 313 Quae
1062 280 1125 306 res
1152 280 1230 306 non
1258 270 1413 306 tantum
1440 268 1552 307 insti-

178 335 330 375 tutione
358 335 730 387 gymnopaediorum
758 339 1054 386 ceterorumque
1089 335 1287 383 ludorum,
1327 348 1428 386 quae
1460 336 1550 375 huic

181 404 370 442 catastasi
398 417 550 442 annexa
578 407 654 452 est,
669 406 698 455 1)
728 405 824 443 satis
853 406 1062 452 evincitur,
1083 418 1203 454 quum
1231 405 1463 443 saltationes
1488 405 1550 444 his

179 472 284 511 ludis
311 472 543 512 coniunctae
571 472 678 511 tibiis
705 472 975 512 accinentibus
1001 472 1199 524 fierent,²)
1225 472 1294 512 sed
1321 473 1441 512 etiam
1469 486 1552 512 car·

180 542 330 581 minum
364 540 586 591 generibus,
622 554 722 592 quae
756 554 781 580 a
816 541 980 592 singulis
1016 541 1084 592 qui
1116 545 1393 581 enumerantur
1425 542 1552 592 poetis

182 609 432 657 colebantur,
451 610 785 660 hyporchematis,
807 611 932 649 nornis
952 610 1181 658 auloedicis,
1208 610 1360 659 elegiis,
1382 610 1552 649 dilucide

182 682 360 728 apparet.
372 678 402 730 ³)
440 678 552 725 Quod
581 679 614 717 si
642 681 814 726 constat,
843 680 921 717 nen
948 679 1075 717 minus
1103 679 1144 717 in
1170 682 1355 729 promptu
1383 682 1461 727 est,
1496 679 1553 717 di—

182 760 314 786 versas
334 759 400 785 eos
423 747 522 784 artis
548 747 774 785 auloedicae
795 751 929 797 partes
955 750 1108 785 secutos
1131 760 1213 785 esse
1236 751 1354 796 atque
1375 747 1552 786 coluisse.
1573 780 1575 782 .

288 814 390 852 Dum
406 814 605 862 Thaletas,
620 814 880 863 Xenodamus,
896 814 1128 853 Xenocritus
1145 818 1285 864 poetae
1301 827 1494 864 paeanum
1515 818 1554 853 et

181 883 531 934 hyporchematum
564 884 877 935 nominantur,4)
911 884 1159 934 Polymnesto
1187 896 1391 923 nomorum
1424 884 1554 923 auloe-

183 952 358 990 dicorum
388 952 681 1004 compositi0,⁵)
713 952 886 991 Sacadae
921 952 1133 1001 elegiarum
1170 955 1210 991 et
1237 954 1335 991 artis
1361 952 1553 991 auleticae

182 1020 310 1059 cultus
322 1020 354 1072 ⁶)
383 1020 583 1061 tribuitur.
619 1020 732 1059 Unde
761 1033 881 1070 quum
910 1020 1004 1059 ordo
1033 1020 1096 1058 hic
1124 1021 1200 1059 sit:
1240 1020 1443 1069 Thaletas‚
1479 1021 1554 1059 Xe-

182 1088 390 1136 nodamus,
412 1089 647 1127 Xenocritus
667 1113 720 1117 ——
739 1089 1011 1138 Polymnestus
1026 1113 1077 1116 —
1093 1089 1279 1137 Sacadas,
1300 1089 1554 1128 Plutarchum

183 1169 259 1194 non
288 1169 336 1194 ex
364 1159 584 1206 temporum
612 1157 782 1204 ratione,
817 1156 858 1194 id
887 1156 990 1206 quod
1017 1157 1251 1206 interpretes
1286 1157 1463 1195 nonnulli
1499 1157 1555 1195 af-

183 1225 403 1277 firmant,⁷)
440 1225 508 1263 sed
543 1239 591 1264 ex
624 1225 785 1263 diversis
821 1238 918 1275 quas
952 1224 1217 1275 sequebantur
1252 1225 1348 1264 artis
1383 1226 1553 1264 musicae

185 1297 224 1331 et
259 1294 438 1343 poeticae
474 1293 654 1343 partibus
690 1306 755 1332 eos
791 1294 1028 1331 recensuisse
1066 1293 1162 1331 satis
1197 1297 1301 1331 certe
1337 1294 1554 1334 coniicitur.

182 1362 287 1413 Ergo
315 1362 608 1413 Polymnestum
636 1361 861 1401 Xenodamo
891 1365 930 1400 et
963 1361 1176 1400 Xenocrito
1204 1361 1427 1400 inferiorem
1456 1375 1554 1411 esse,

183 1444 231 1469 ex
259 1444 317 1480 eo,
346 1431 450 1481 quod
477 1435 569 1480 post
595 1431 684 1469 illos
712 1434 962 1468 enumeratus
992 1431 1059 1478 sit,
1096 1431 1276 1479 colligere
1308 1430 1450 1468 falsum
1484 1434 1557 1471 est.

183 1499 319 1549 Neque
347 1500 475 1538 minus
502 1499 574 1538 hos
602 1500 774 1549 quinque
803 1502 958 1549 poetas,
989 1499 1055 1548 qui
1083 1502 1208 1537 artem
1236 1499 1461 1547 auleticam,
1491 1499 1558 1538 sed

184 1567 284 1605 alius
313 1568 432 1605 aliam
460 1571 611 1617 partem
641 1567 906 1617 perfecerunt,
936 1580 982 1605 ea
1019 1567 1102 1605 sola
1136 1579 1270 1614 causa,
1307 1567 1411 1616 quod
1444 1567 1559 1605 simul
1626 1598 1628 1600 .

183 1636 452 1683 nominentur,
494 1635 545 1674 ad
582 1635 717 1674 eadem
753 1648 884 1674 omnes
918 1638 1097 1685 tempora
1129 1634 1274 1673 referre
1308 1635 1558 1674 temerarium

183 1707 258 1750 est,
287 1705 519 1753 praesertim
550 1717 670 1753 quum
698 1717 745 1741 ex
773 1704 869 1753 ipsis
899 1703 1043 1750 verbis,
1079 1716 1177 1752 quae
1207 1702 1378 1741 Glaucus
1406 1703 1453 1741 de
1483 1703 1559 1741 sin-

184 1771 363 1821 gulorum
403 1774 536 1810 aetate
579 1771 777 1821 adiungit,
821 1772 1062 1809 contrarium
1101 1771 1356 1821 intelligatur.
1399 1771 1557 1821 Apertis

186 1841 287 1878 enim
305 1840 433 1878 verbis
453 1841 619 1879 Thaleta
637 1839 891 1878 Xenocritum
906 1840 1160 1888 posteriorem
1182 1840 1300 1877 fuisse
1321 1842 1491 1877 testatur
1504 1852 1512 1886 3
1527 1838 1557 1889 8)

318 1996 336 2033 ¹)
360 1995 463 2027 Plut.
486 1994 526 2026 de
548 2002 628 2026 mus.
652 2003 680 2025 c.
703 1995 732 2025 9.
756 2004 787 2034 p.
811 1995 839 2032 7,
865 1992 912 2024 19.

313 2054 337 2093 ²)
360 2052 528 2091 Muller,
551 2052 658 2083 Dorer
679 2052 719 2083 ΙΙ.
742 2062 773 2092 p.
797 2051 868 2083 331.
911 2049 1046 2082 Hoeck
1067 2050 1126 2082 III.
1148 2061 1179 2092 p.
1201 2050 1274 2083 381.

313 2111 339 2146 ³)
365 2110 467 2141 Plut.
491 2109 531 2140 de
553 2118 633 2141 muS.
656 2118 682 2141 c,
705 2110 733 2141 9.
757 2112 789 2139 et
813 2108 860 2139 10.
883 2118 914 2148 p.
939 2110 957 2139 7
980 2117 1027 2147 sq.
1050 2126 1091 2129 —
1114 2108 1173 2140 cfr.
1194 2108 1333 2139 Hoeck
1355 2108 1413 2141 III.
1435 2118 1467 2148 p.
1490 2107 1561 2139 347.

185 2163 298 2196 Bode
321 2163 386 2196 Ha.
409 2174 440 2204 p.
466 2163 534 2194 166,
579 2162 726 2194 Athen.
749 2161 774 2193 I.
796 2172 827 2202 p.
854 2162 902 2193 16.

312 2221 337 2262 ⁴)
361 2221 463 2252 Plut.
487 2220 526 2251 de
549 2230 629 2251 muS.
653 2230 679 2251 c,
702 2222 730 2251 9.
753 2230 784 2259 p.
808 2222 836 2258 7,
859 2219 900 2250 23
923 2219 986 2250 clto
1008 2230 1040 2259 p.
1063 2218 1093 2250 8.
1119 2220 1157 2249 10
1179 2227 1227 2259 sq.
1250 2222 1282 2249 et
1304 2219 1344 2250 20
1368 2227 1417 2258 sq.
1438 2237 1479 2241 —
1502 2218 1562 2250 cfr.

189 2274 229 2305 de
253 2273 392 2305 Thaleta
414 2273 558 2304 Hoeck
581 2272 637 2304 III.
660 2283 692 2313 p.
715 2272 784 2311 339,
808 2271 848 2303 de
870 2270 1059 2303 Xenodamo
1083 2270 1201 2301 Athen.
1226 2270 1249 2300 I.
1273 2280 1304 2310 p.
1329 2269 1376 2310 15,
1399 2269 1439 2301 de
1455 2269 1561 2300 Xeno-

186 2327 266 2359 crito
288 2326 470 2366 Boeckh,
492 2325 656 2367 Explicat.
680 2325 772 2358 Pind.
795 2336 827 2366 p.
852 2326 922 2357 197.

317 2387 344 2425 ⁵)
367 2385 475 2417 Plut.
500 2385 540 2416 de
562 2393 643 2417 mus.
666 2394 692 2416 c.
718 2385 765 2415 10.
789 2394 820 2425 p.
843 2384 871 2422 8,
895 2382 943 2414 16.

315 2439 338 2477 ⁶)
361 2437 440 2470 ibid.
462 2447 488 2470 c.
510 2439 538 2469 8.
562 2449 593 2478 p.
617 2440 646 2477 7,
669 2436 719 2470 26.

319 2493 340 2533 ⁷)
362 2490 503 2523 Hoeck
525 2490 581 2522 111.
604 2500 637 2531 p.
659 2490 729 2522 378.
775 2488 1017 2529 Volkmann,
1041 2487 1126 2520 Plut.
1149 2486 1189 2519 de
1216 2496 1296 2520 mus.
1318 2498 1351 2529 p.
1372 2486 1424 2519 89.

312 2551 339 2588 ⁸)
363 2558 389 2582 c.
414 2551 463 2581 10.
493 2558 524 2589 p.
549 2548 577 2587 9,
601 2548 637 2580 2:
682 2547 906 2593 πρεσβύτερον
940 2547 976 2581 δὲ
1008 2544 1051 2592 τῇ
1084 2545 1196 2592 ἡλικίᾳ
1232 2546 1331 2593 φησὶν
1364 2546 1382 2580 ὁ
1412 2545 1563 2583 Γλαῦκος

188 2606 342 2656 Θαλήταν
369 2605 570 2654 Ξενοκρίτου
596 2604 772 2651 γεγονέναι.
