1728 2976
859 123 880 158 6

286 246 396 286 Haec
425 250 516 285 sunt
544 259 644 296 quae
673 260 719 285 ex
752 250 926 285 veterum
960 246 1116 297 scriptis
1147 258 1217 296 pro
1244 246 1392 286 tuenda
1418 251 1553 287 nostra

182 315 377 354 sententia
405 314 537 353 afferri
564 317 729 364 possunt
755 314 862 352 haud
898 314 999 352 levia
1033 317 1137 352 certe
1170 314 1395 353 testimonia
1426 328 1552 365 neque

182 396 283 433 quae
311 382 426 421 facile
456 385 704 430 evertantur;
721 382 750 434 1)
781 381 849 421 sed
877 382 1081 421 audiamus
1110 382 1230 421 etiam
1257 386 1431 433 oportet,
1468 385 1553 434 qui-

180 452 347 490 busnam
391 452 632 500 argumentis
674 451 801 489 altera
842 451 1036 489 sententia
1068 450 1117 489 ab
1152 450 1386 489 adversariis
1423 452 1553 491 defen-

183 519 313 558 datur.
348 519 394 557 In
422 518 558 557 eodem
589 517 750 557 Eusebii
785 518 978 557 Chronico
1006 519 1126 557 etiam
1160 518 1211 557 ad
1245 518 1397 570 Olymp.
1426 520 1546 561 XLII.

182 591 203 625 2
234 589 344 638 (610)
373 587 538 626 Alcman
565 586 753 635 refertur,
782 586 850 625 ubi
876 587 973 625 haec
1001 587 1203 636 leguntur:
1219 588 1249 638 ²)
1273 584 1441 636 Ἀλκμὰν
1456 585 1554 627 κατά

179 670 286 701 τινας
313 653 552 707 ἐγνωρίζετο,
582 654 687 704 quod
715 654 975 705 Hieronymus
1004 654 1192 706 vertit:³)
1223 655 1386 694 Alcman
1405 660 1449 695 ut
1470 657 1554 706 qui-

179 724 346 763 busdam
382 723 538 762 videtur
573 724 809 774 agnoscitur.
850 723 968 762 Cuius
1001 724 1077 763 loci
1114 724 1328 762 auctoritas
1367 725 1416 764 iis
1453 738 1552 775 quae

180 792 316 831 addita
343 795 434 830 sunt
461 791 588 829 verbis
615 788 713 829 κατά
734 805 842 836 τινας
877 791 938 843 (ut
965 791 1198 840 quibusdam
1225 792 1395 844 videtur)
1428 794 1552 831 multo

180 861 386 908 minuitur,
416 873 535 909 quum
562 873 688 909 neque
716 859 926 898 Eusebium
953 872 1079 909 neque
1099 860 1378 910 Hieronymum
1402 861 1437 900 ei
1464 874 1554 899 nar-

179 928 326 967 rationi
353 941 531 967 assensos
560 940 642 966 esse
670 940 740 965 nec
769 931 852 965 tam
879 940 950 977 pro
970 932 1221 977 certa·quam
1248 941 1367 977 supra
1389 929 1552 967 allatam

179 996 381 1045 habuisse,
411 1010 458 1035 ex
485 997 571 1046 ipso
600 995 807 1034 verborum
835 999 1021 1035 contextu
1050 999 1252 1046 appareat.
1282 997 1472 1036 Auctores
1492 1011 1554 1036 ve-

179 1070 301 1114 teres,
332 1077 498 1116 quorum
526 1077 572 1104 ex
599 1064 755 1114 scriptis
777 1063 968 1102 Eusebius
988 1064 1035 1102 de
1056 1064 1240 1102 Alcmane
1263 1064 1553 1116 chronologiam

177 1134 326 1182 hausit,
356 1133 432 1184 ipsi
460 1133 564 1172 inter
592 1146 632 1172 se
653 1133 885 1172 dissensisse
907 1132 1110 1181 videntur,
1135 1134 1202 1183 qui
1227 1137 1358 1172 autem
1379 1134 1550 1184 priorem

177 1203 413 1241 sententiam
434 1205 614 1249 tuentur,
644 1215 710 1240 eos
737 1205 783 1239 ut
810 1202 934 1250 magis
964 1205 1090 1239 certos
1118 1205 1158 1239 et
1186 1201 1284 1240 fidos
1311 1205 1433 1241 testes
1462 1216 1549 1242 eum

177 1273 355 1309 secutum
384 1283 466 1308 esse
494 1270 535 1307 in
567 1273 752 1319 promptu
787 1272 857 1307 est.
894 1268 955 1307 Ad
990 1269 1260 1318 explicandam
1295 1269 1396 1307 hanc
1430 1271 1551 1320 scrip-

176 1343 308 1376 torum
347 1337 631 1376 dissensionem
667 1338 799 1375 variae
836 1341 1001 1387 possunt
1034 1337 1206 1375 rationes
1240 1336 1382 1376 afferri.
1425 1338 1551 1384 Quum

176 1406 356 1452 Alcman,
385 1418 500 1455 quem
527 1405 738 1444 admodum
767 1418 896 1443 senem
925 1409 1122 1443 mortuum
1151 1418 1233 1443 esse
1253 1406 1462 1457 constat,4)
1481 1419 1551 1456 per

181 1475 393 1513 maximam
421 1477 575 1524 partem
596 1473 743 1511 saeculi
763 1474 917 1523 septimi
935 1472 1128 1521 floruerit,
1149 1473 1249 1511 alius
1268 1473 1389 1511 alium
1407 1486 1551 1512 annum

176 1544 310 1594 potuit
338 1545 528 1591 statuere,
558 1547 597 1582 et
626 1543 692 1593 qui
715 1543 886 1592 priorem
910 1542 1096 1592 temporis
1120 1543 1361 1583 notationem
1380 1556 1404 1582 a
1421 1544 1551 1582 iuven-

175 1612 272 1651 tutis
300 1612 432 1660 initio,
471 1612 635 1650 alteram
666 1611 715 1649 ab
745 1624 846 1650 anno
874 1611 1012 1649 mortis
1039 1613 1248 1662 repetitam
1277 1626 1360 1652 esse
1389 1614 1549 1663 dixerit,

304 1782 326 1823 ¹)
349 1781 448 1813 Aliud
470 1781 600 1813 maioris
624 1790 718 1821 quam
742 1779 920 1812 adversarii
951 1780 1064 1812 volunt
1085 1780 1201 1812 aetatis
1223 1781 1441 1814 testimonium
1464 1783 1548 1814 exsi-

177 1839 286 1875 steret,
309 1836 337 1867 si
360 1836 392 1867 in
418 1836 601 1877 fragmento
622 1835 788 1867 Alcmanis
811 1843 916 1875 nuper
936 1837 1067 1874 reperto
1089 1834 1219 1875 (Bergk,
1243 1835 1334 1867 Poet.
1348 1835 1406 1876 lyr.
1424 1836 1479 1868 Gr.
1494 1835 1549 1867 ΙΠ.

174 1899 205 1929 p.
239 1890 319 1920 1379
348 1897 394 1929 sq.
425 1888 474 1919 ed.
503 1888 573 1926 111.)
606 1898 637 1928 p.
665 1887 706 1919 II.
731 1889 769 1918 14
797 1887 893 1918 lectio
915 1886 1037 1931 Γύγου,
1066 1896 1161 1927 quam
1190 1887 1347 1928 reliquiae
1369 1888 1550 1920 litterarum

174 1943 372 1979 monstrant,
400 1939 531 1981 probari
553 1942 673 1980 posset.
718 1939 839 1969 Sensus
861 1938 914 1970 hic
937 1942 1038 1978 esset,
1068 1938 1206 1970 conferri
1232 1939 1391 1980 virginem
1413 1949 1432 1971 a
1454 1943 1550 1980 poeta

175 1992 339 2025 laudatam
362 2002 432 2024 cum
456 1992 560 2023 celere
574 1991 674 2033 Gygis
690 2000 790 2032 equo,
814 2001 909 2032 quam
925 1991 1206 2032 comparationem,
1228 1991 1291 2022 nisi
1305 1991 1414 2022 vivum
1427 1991 1551 2033 Gygem

175 2048 208 2076 et
229 2045 264 2076 in
287 2048 464 2086 conspectu
487 2044 628 2075 omnium
651 2044 720 2074 eius
744 2052 861 2084 equum
884 2046 1071 2083 statuamus,
1094 2043 1280 2084 languidam
1303 2052 1384 2083 esse,
1408 2044 1479 2084 quis
1502 2048 1552 2076 est

175 2098 253 2139 quin
276 2097 422 2129 sentiat?
467 2096 568 2138 Atqui
591 2096 716 2137 Gygem
739 2095 865 2137 Olymp.
887 2096 1028 2128 XXXIII
1045 2096 1213 2138 Olympiae
1235 2096 1339 2128 stadio
1360 2096 1476 2128 vicisse
1498 2106 1551 2129 ve-

173 2155 261 2183 teres
282 2150 487 2183 tradiderunt
509 2150 582 2190 (cfr.
606 2149 749 2189 Corsini,
778 2149 867 2181 Fast.
890 2149 956 2181 Att.
980 2150 1037 2182 III.
1059 2160 1090 2190 p.
1126 2150 1197 2190 53);
1231 2159 1294 2191 qua
1322 2149 1363 2181 de
1385 2159 1494 2190 causa,
1523 2150 1550 2182 si

173 2204 278 2235 teneri
304 2205 417 2244 posset
446 2203 527 2234 haec
556 2202 731 2243 scriptura,
761 2212 890 2234 carmen
919 2203 1025 2243 ipsum
1054 2202 1141 2234 haud
1169 2202 1270 2234 multo
1291 2205 1366 2243 post
1387 2201 1575 2234 conditum'

174 2265 245 2288 esse
267 2259 356 2287 recte
379 2255 652 2287 concluderemus.
690 2254 753 2286 Sed
779 2255 875 2286 lectio
892 2254 1000 2301 Γύγου
1017 2254 1219 2296 repudianda
1242 2258 1300 2294 est,
1325 2264 1422 2296 quum
1444 2263 1548 2296 neque

173 2309 206 2339 in
229 2308 395 2339 Alcmanis
418 2308 565 2349 reliquiis
587 2317 694 2349 neque
715 2308 749 2338 in
773 2308 839 2339 ullo
855 2307 985 2339 dialecti
1003 2307 1132 2339 doricae
1155 2307 1206 2338 vel
1227 2307 1369 2338 aeolicae
1391 2307 1550 2348 scriptore

173 2361 356 2401 exemplum
378 2360 475 2392 huius
497 2360 633 2401 genitivi
665 2360 787 2391 formae
810 2373 848 2394 ου
872 2359 1066 2392 inveniatur.
1110 2358 1169 2391 cfr.
1192 2358 1251 2390 Ah
1262 2367 1370 2397 rens,
1402 2358 1442 2390 de
1468 2360 1547 2401 ling.

173 2413 227 2445 Gr.
252 2412 380 2445 dialect.
405 2414 429 2446 Ι.
451 2424 482 2454 p.
507 2414 576 2444 111.

301 2471 324 2512 2)
349 2481 379 2512 p.
403 2472 453 2503 90.
478 2470 528 2504 ed.
551 2470 746 2504 Schoene.

301 2529 324 2571 ³)
345 2539 377 2571 p.
400 2530 448 2561 91.
482 2530 521 2561 111
543 2529 693 2561 versione
716 2529 872 2561 Armenia
894 2528 974 2560 haec
996 2528 1084 2560 linea.
1107 2527 1226 2560 omissa
1248 2531 1306 2560 est.

300 2589 323 2629 4)
347 2588 403 2620 cfr.
427 2588 487 2630 frg.
510 2588 561 2621 26.
