1728 2976
819 607 926 661 ΙΙΙ.

186 745 374 792 CUIUS
397 738 768 796 GRAECOR'UM
792 743 1099 789 NATIONIS
1118 744 1269 789 ARTI
1294 744 1549 792 LYRICAE

305 823 631 884 ALCMANIS
666 822 884 878 PQESIS
920 823 1017 868 SIT
1052 823 1427 869 TRIBUENDA.

284 928 496 979 Postquam
530 927 577 966 de
612 928 827 965 carminum
860 927 1052 965 exteriore
1089 927 1213 966 forma
1248 926 1434 974 diximus,
1470 940 1547 965 non

182 996 350 1034 alienum
380 999 439 1034 est
465 995 506 1032 in
535 995 664 1045 capite
692 995 808 1033 tertio
835 994 882 1033 de
907 998 1137 1045 argumento
1167 1009 1317 1043 eorum,
1346 995 1394 1033 de
1421 994 1550 1033 indole

182 1068 321 1114 poetae
349 1065 508 1113 eiusque
536 1065 663 1114 poesis
692 1063 843 1113 aliquid
871 1063 1083 1114 disputare,
1113 1065 1296 1103 Attamen
1316 1068 1360 1102 ut
1380 1078 1428 1103 ex
1447 1065 1549 1103 omni

181 1135 293 1181 parte
321 1132 417 1170 haec
446 1133 623 1181 quaestio
653 1132 896 1180 absolvatur,
922 1145 1041 1182 quum
1068 1136 1229 1182 propter
1256 1145 1420 1182 paucas,
1451 1145 1550 1181 quae

183 1200 229 1238 de
259 1200 444 1238 Alcmane
470 1199 518 1238 ab
538 1200 764 1239 auctoribus
783 1200 979 1239 veteribus
1002 1200 1175 1239 traditae
1195 1204 1304 1248 sunt,
1324 1201 1549 1247 memorias,

182 1274 264 1305 tum
292 1271 452 1318 propter
480 1254 805 1317 fragmentorum,
839 1281 940 1317 quae
969 1272 1123 1306 servata
1150 1272 1261 1315 sunt,
1298 1268 1550 1317 exiguitatem

181 1335 265 1374 fieri
293 1350 370 1375 non
398 1339 546 1387 potest,
575 1349 699 1386 neque
724 1349 904 1387 perverse
925 1336 1114 1375 Miillerus
1140 1350 1186 1375 ea
1208 1337 1254 1375 de
1274 1350 1315 1376 re
1334 1336 1501 1375 iudicat:
1517 1336 1546 1388 ¹)

185 1404 352 1443 Alkman
380 1405 518 1454 gehort
545 1418 592 1443 zu
619 1405 694 1444 den
722 1405 929 1453 Dichtern,
964 1404 1083 1444 deren
1118 1405 1207 1444 Bild
1240 1406 1293 1444 im
1332 1404 1454 1444 Lause
1482 1404 1552 1443 der

185 1474 270 1512 Zeit
298 1487 360 1512 am
388 1474 554 1512 meisten
581 1473 803 1512 verblichen
830 1474 902 1522 ist,
930 1486 973 1512 so
999 1473 1088 1512 dass
1108 1475 1176 1512 wir
1202 1487 1241 1513 es
1260 1487 1323 1513 am
1340 1474 1552 1524 wenigsten

185 1555 232 1580 zu
260 1554 450 1580 erneuern
478 1541 607 1579 hoffen
635 1542 785 1581 diirfen.

289 1609 383 1648 Inde
405 1610 623 1648 sententiae
642 1610 733 1654 illae
751 1609 921 1647 virorum
941 1609 1145 1648 doctorum
1165 1610 1276 1648 valde
1296 1611 1398 1649 inter
1418 1623 1457 1649 se
1477 1610 1553 1648 dis-

185 1681 405 1727 crepantes,
440 1690 604 1726 quorum
634 1690 751 1727 quum
780 1678 900 1725 alius,
938 1678 1108 1716 Homero
1137 1679 1364 1717 Alcmanem
1398 1691 1552 1728 compa-

184 1759 291 1795 rans,
320 1747 455 1796 poesin
477 1746 638 1796 lyricam
660 1758 680 1784 e
702 1746 858 1795 regione
882 1746 1062 1796 populari
1081 1746 1121 1784 in
1141 1746 1305 1785 sublime
1324 1747 1421 1785 artis
1444 1747 1553 1785 fasti-

185 1815 290 1864 gium
324 1814 372 1853 ab
401 1828 446 1853 eo
474 1818 653 1853 vocatam
682 1827 764 1853 esse
795 1814 1064 1865 contendat‚2)
1101 1815 1202 1853 alius
1231 1828 1317 1853 eum
1346 1828 1552 1865 personam

183 1885 324 1933 poetae
352 1882 600 1933 provincialis
629 1882 780 1921 exuisse
809 1886 847 1921 et
874 1882 926 1921 ad
950 1882 1201 1921 excolendam
1229 1887 1340 1921 extra
1365 1882 1461 1922 fines
1479 1884 1554 1922 La-

185 1952 338 1990 conicos
366 1953 502 2002 poesin
528 1951 740 2001 quidquam
765 1951 939 1995 effecisse
963 1951 1155 1989 infitiatur
1175 1956 1214 1990 et
1234 1952 1551 2001 compositionem

183 2033 273 2060 vere
301 2019 557 2058 artificiosam
585 2018 634 2057 ab
663 2032 707 2058 eo
737 2018 994 2071 abiudicat.³)
1028 2019 1088 2057 Ex
1115 2032 1193 2057 una
1221 2024 1352 2058 tamen
1380 2021 1552 2068 ratione,

184 2090 238 2138 si,
275 2090 385 2128 cuius
419 2089 658 2127 Graecorum
693 2089 864 2127 nationis
892 2089 970 2127 arti
997 2088 1142 2138 lyricae
1171 2089 1298 2138 poesis
1326 2089 1554 2128 Alcmanica

185 2157 437 2197 attribuenda
472 2158 539 2206 sit,
579 2157 819 2207 quaerimus,
855 2157 907 2196 ad
940 2157 1224 2207 explanandam
1255 2157 1425 2196 indolem
1453 2171 1553 2208 quae

186 2229 341 2265 exstant
369 2227 584 2265 carminum
611 2226 819 2276 reliquiae,
858 2225 1044 2264 adhibitis
1072 2226 1160 2264 aliis
1188 2229 1363 2264 veterum
1390 2227 1555 2276 scripto-

184 2308 270 2333 rum
297 2294 548 2342 testimoniis,
578 2295 673 2334 satis
700 2294 796 2332 mihi
819 2294 1001 2352 videntur
1027 2307 1122 2334 esse.
1152 2294 1253 2332 Nam
1271 2307 1396 2343 neque
1416 2295 1464 2333 de
1483 2295 1556 2333 hac

294 2455 314 2495 “)
336 2454 612 2495 Literaturgesch.
635 2454 658 2484 Ι.
681 2464 712 2494 p.
736 2453 805 2484 356.

290 2519 313 2559 2)
337 2517 466 2550 Ulrici
488 2517 528 2550 11.
550 2527 581 2558 p.
606 2516 676 2549 386.-

289 2582 315 2620 ³)
337 2580 600 2622 Bernhardy,
623 2579 797 2612 Grundriss
820 2581 860 2612 ΙΙ.
885 2591 916 2621 p.
938 2579 1009 2611 468.
