1728 2976
841 140 891 176 24

181 265 312 315 poesis
340 265 544 315 generibus
570 266 611 303 in
639 265 834 304 choricam
862 278 981 303 novos
1009 277 1190 304 numeros
1227 268 1268 304 et
1303 265 1457 304 ordines
1490 265 1547 304 in-

182 333 355 382 duxerit,
391 333 460 371 sed
495 336 535 372 et
570 334 654 384 ipse
692 334 884 372 invenisse
921 332 1117 383 putandus
1153 334 1216 372 sit.
1254 333 1389 383 Neque
1415 336 1547 372 tamen

182 401 309 440 minus
336 401 466 440 meriti
494 404 535 440 et
562 401 691 440 laudis
718 401 809 440 inde
836 402 971 451 petiit,
1001 400 1105 451 quod
1130 401 1172 440 in
1199 401 1475 452 componendis
1502 414 1548 440 ex

182 470 255 508 hac
282 470 395 519 quasi
423 470 591 508 materia
617 470 781 509 metrica
809 473 848 508 et
876 469 1113 509 adornandis
1143 469 1312 520 strophis
1342 470 1546 518 maximos,

184 538 217 576 si
249 540 388 588 poetas
422 537 573 587 priores
605 538 851 588 respicimus,
890 550 1118 588 progressus
1152 537 1255 577 fecit,
1293 537 1394 577 Nam
1429 551 1548 588 quum

182 606 399 644 carminum
427 606 669 644 choricorum
698 609 789 645 ante
808 606 1035 645 Alcmanem
1054 609 1191 656 poetas
1209 609 1341 655 partes
1361 600 1549 655 quasdam

182 676 222 712 et
249 674 454 724 pericopas
482 673 705 712 distinxisse
733 677 906 722 constet,
928 674 968 713 id
990 673 1093 723 quod
1113 674 1321 712 coniuncta
1340 674 1549 712 saltatione

182 741 472 791 requirebatur,
492 745 666 781 attamen
686 743 889 781 metricam
908 742 1080 792 partium
1099 741 1324 780 divisionem
1339 754 1549 791 agnoscere

183 822 262 848 non
279 822 498 860 possumus.
524 810 651 849 Erant
669 811 843 849 carmina
860 809 958 849 κατὰ
976 809 1107 860 στίχον
1126 823 1226 860 quae
1242 812 1430 849 vocantur
1449 822 1550 848 com-

181 879 330 930 posita,
358 879 416 917 ita
443 882 488 917 ut
515 879 622 918 nullo
650 879 794 918 indicio
823 879 1058 930 rhythmico,
1084 877 1151 917 ubi
1173 877 1261 917 finis
1279 878 1550 929 pericoparum

182 951 301 996 esset,
331 947 628 998 significaretur.
658 948 861 987 Eiusmodi
891 948 1064 987 carmina
1092 949 1209 987 etiam
1228 947 1406 985 Alcmani
1432 947 1551 997 scrip-

181 1019 312 1054 torum
349 1019 524 1054 veterum
562 1017 797 1055 testimoniis
832 1016 1077 1064 tribuuntur,
1118 1027 1218 1065 quae
1254 1014 1433 1064 strophas
1470 1015 1551 1053 eius

181 1084 424 1123 isometricas
464 1088 779 1123 commemorant.
821 1085 883 1123 Ita
919 1084 1248 1134 Hephaestion21)
1285 1079 1453 1132 Ἀλκμὰν
1487 1081 1551 1121 καὶ

183 1148 277 1197 ὅλας
304 1150 478 1204 στροφὰς
504 1148 629 1201 τούτῳ
655 1154 710 1201 τῷ
736 1151 866 1204 μέτρῳ
894 1152 1070 1203 (tetram.
1093 1152 1235 1202 dactyl.
1255 1151 1414 1201 acatal.)
1441 1163 1550 1188 κατε-

181 1218 381 1273 μέτρησεν.
409 1220 561 1259 Horum
580 1233 734 1271 quoque
758 1220 973 1259 carminum
1000 1220 1206 1270 pericopas
1235 1218 1439 1258 distinctas
1468 1231 1550 1256 esse

181 1289 374 1336 videmus,
394 1301 473 1327 non
488 1292 619 1327 tamen
638 1289 792 1327 ratione
806 1289 990 1336 metrica,
1011 1288 1079 1326 sed
1098 1289 1176 1326 sive
1195 1288 1383 1326 tibiarum
1400 1287 1549 1325 fidium-

183 1369 258 1407 que
288 1359 407 1395 cantu
436 1357 514 1396 sive
542 1357 620 1396 alio
647 1356 774 1395 modo.
816 1356 862 1395 Id
890 1355 1046 1406 quidem
1074 1368 1149 1394 non
1179 1354 1470 1406 despiciendum
1498 1355 1552 1393 vi-

183 1425 298 1464 detur
326 1438 427 1472 esse,
463 1425 568 1474 quod
603 1426 774 1464 Ulricius
809 1424 1042 1474 affirmat‚2)
1079 1425 1348 1473 Terpandrum
1382 1425 1551 1474 primum

186 1492 368 1544 strophas
395 1493 565 1532 musicas
594 1493 874 1541 construxisse,
912 1492 936 1530 i.
967 1504 998 1530 e.
1026 1491 1142 1530 finem
1169 1492 1440 1542 pericoparum
1469 1503 1552 1530 car-

181 1563 297 1600 minis
324 1561 423 1601 κατά
449 1560 582 1611 στίχον
601 1563 828 1611 compositi,
850 1574 950 1610 quae
971 1562 1105 1599 metris
1128 1574 1206 1599 non
1226 1565 1337 1599 erant
1356 1560 1551 1607 definitae,

181 1628 298 1668 modo
331 1629 478 1668 musico
512 1629 775 1680 descripsisse.
813 1628 1068 1667 Metricarum
1094 1641 1185 1667 vero
1214 1627 1461 1678 stropharum
1495 1627 1553 1666 iu-

181 1699 312 1737 ventio
340 1699 519 1737 Alcmani
551 1698 759 1736 tribuenda
794 1701 870 1745 est,
908 1710 1143 1747 quamquam
1185 1698 1302 1735 etiam
1336 1697 1377 1734 in
1409 1696 1482 1734 hac
1510 1710 1552 1735 re

184 1753 287 1805 eum*
304 1766 381 1804 dici
408 1767 533 1816 possit
551 1765 846 1812 Archilochum,
875 1765 942 1814 qui
969 1764 1104 1814 epodis
1131 1767 1169 1802 et
1195 1768 1319 1802 metro
1340 1764 1509 1813 elegiaco
1520 1763 1550 1815 3)

184 1835 353 1886 speciem
381 1834 579 1885 quandam
608 1834 874 1884 stropharum,
906 1846 1005 1883 quae
1030 1833 1135 1884 apud
1154 1833 1379 1872 Alcmanem
1400 1845 1552 1882 quoque

185 1903 374 1952 occurrit,
403 1903 637 1951 excoluerit,
665 1903 862 1941 imitatum
891 1915 984 1940 esse.

288 1973 376 2011 Huc
403 1971 650 2011 referendum
678 1975 737 2010 est
772 1974 939 2009 metrum
976 1970 1080 2020 quod
1114 1969 1258 2009 dicitur
1286 1969 1551 2018 Alcmanium,

184 2054 233 2079 ex
266 2041 422 2079 Horatii
457 2039 693 2078 carminibus
726 2042 881 2087 notum,
918 2040 960 2077 in
994 2051 1070 2088 quo
1099 2051 1254 2077 versum
1279 2038 1479 2077 heroicum
1507 2041 1553 2076 ut

184 2108 331 2160 epodus
358 2111 587 2148 tetrameter
606 2108 824 2159 dactylicus
845 2108 1034 2158 sequitur.
1064 2107 1193 2146 Aliam
1211 2105 1435 2146 huiusmodi
1455 2109 1554 2145 stro-

184 2178 303 2227 pham
337 2181 434 2227 puto
471 2190 576 2224 eam,
619 2189 719 2226 quae
757 2180 816 2215 est
852 2177 893 2214 in
929 2176 1073 2225 hymno
1111 2176 1152 2213 in
1191 2174 1321 2213 Iovem
1358 2175 1552 2224 Lycaeum

295 2366 315 2407 ¹)
338 2365 507 2398 Enchirid.
529 2376 560 2407 p.
582 2365 632 2396 40.
677 2365 736 2397 cfr,
760 2365 821 2405 frg.
843 2365 892 2396 45.
912 2384 951 2387 —
972 2363 1061 2396 Idem
1082 2363 1203 2404 legitur
1223 2363 1309 2405 apud
1330 2363 1461 2395 Maxim.
1482 2363 1554 2395 Pla-

186 2420 261 2453 nud.
283 2421 322 2452 V.
345 2431 376 2461 p.
399 2419 468 2451 510.
493 2418 542 2451 ed.
565 2418 669 2450 Walz.

292 2485 316 2521 ²)
340 2483 380 2513 ΙΙ.
402 2493 434 2523 p.
458 2482 528 2514 347.

293 2546 316 2587 ³)
339 2545 429 2577 cuius
450 2544 669 2577 inventionem
693 2545 723 2576 ei
745 2555 764 2577 a
783 2544 948 2577 nonnullis
969 2544 1068 2576 tribui
1083 2543 1276 2575 Plutarchus
1291 2546 1403 2575 narrat
1418 2542 1458 2575 de
1474 2552 1555 2575 mus.

186 2609 217 2639 p.
240 2599 290 2638 21,
306 2598 334 2629 3.
379 2598 435 2628 cf1.
459 2597 599 2629 Liebel
622 2608 654 2638 p.
676 2598 726 2629 28.
