1728 2976
841 149 884 183 19

283 276 446 310 Dimeter
481 276 721 310 catalecticus
756 276 793 309 in
830 276 960 320 clt'syll.
999 285 1152 310 versum
1188 273 1428 311 constituens
1464 285 1540 310 uon

179 341 365 388 occurrit,
394 339 463 377 sed
490 343 559 378 aut
578 352 665 377 cum
683 340 769 377 basi
788 340 1042 378 antecedente
1062 340 1211 392 (versus
1231 340 1541 391 Pherecrateus),

178 413 223 448 ut
249 407 323 458 frg.
353 410 418 456 60,
450 410 490 454 6;
525 410 595 455 903
630 410 697 455 96,
735 412 803 446 aut
840 408 1067 446 coniunctus
1103 421 1189 446 cum
1223 408 1309 446 aliis
1343 407 1543 446 ordinibus

178 477 304 526 iisque
332 476 558 523 trochaicis,
588 476 654 525 qui
682 478 721 513 et
748 476 1003 522 antecedunt,
1032 480 1075 514 ut
1103 476 1174 525 frg.
1206 479 1270 523 63,
1310 479 1348 513 et
1377 488 1543 523 sequun-

178 549 263 593 tur,
291 547 336 582 ut
363 543 436 593 frg.
467 546 526 591 60,
556 546 591 581 4.
625 543 770 582 Versus
798 544 1077 583 Pherecrateus
1105 557 1191 583 cum
1219 549 1404 593 sequente
1434 543 1544 593 dipo-

179 613 245 651 dia
273 612 475 651 trochaica
501 611 574 661 frg·
604 614 669 657 66,
700 614 734 649 2.

289 683 468 718 Trimeter
488 684 727 719 catalecticus
753 684 789 718 in
814 685 921 730 syll„
941 695 1060 732 quum
1088 681 1342 720 Archilochus
1366 680 1546 730 frequen—

179 753 240 787 ter
268 761 312 787 eo
340 762 432 787 usus
462 749 529 797 sit,
559 749 828 787 Archilochius
861 751 1082 799 appellatus
1096 750 1126 801 ¹)
1161 762 1313 787 versum
1343 750 1546 787 constituit

180 818 346 856 alterum
375 817 558 867 strophae
586 817 718 867 hymni
746 817 786 856 in
813 817 942 856 Iovem
971 831 1018 857 ex
1051 818 1237 857 divisione
1266 816 1434 867 Bergkii.
1477 816 1544 855 cfr.

180 885 252 935 frg.
286 889 323 933 1,
353 888 396 933 2;
433 888 473 933 2,
503 888 546 933 2;
577 888 618 933 33
648 889 682 924 8.
716 886 926 925 Praeterea
953 886 1088 925 obvius
1118 890 1178 924 est
1205 886 1277 935 frg.
1307 889 1373 932 48,
1413 889 1450 932 1;
1482 889 1546 933 59,

185 957 222 1001 1;
253 956 321 1001 60,
351 957 385 991 7.
425 953 493 992 cfr.
523 954 594 1004 frg.
627 958 674 993 92
704 957 743 993 et
772 957 832 992 98.
876 954 1078 1004 Spondeus
1106 954 1213 993 nullo
1242 954 1327 993 loco
1356 953 1548 992 admissus

181 1025 252 1060 est.
282 1021 379 1059 Cum
406 1022 494 1059 aliis
523 1022 724 1060 ordinibus
753 1023 1001 1060 coniunctum
1030 1035 1116 1060 eum
1145 1036 1221 1060 non
1249 1023 1389 1059 inveni.

290 1092 325 1127 T
321 1093 469 1127 rimeter
496 1093 736 1128 catalecticus
765 1094 803 1128 in
832 1093 983 1139 dl'syll.,
1018 1103 1132 1140 quem
1162 1090 1404 1129 Alcmanium
1436 1094 1547 1128 voca-t

183 1158 395 1210 Servius,2)
430 1171 583 1196 versum
611 1160 815 1198 constituit
841 1159 913 1208 frg.
944 1162 1012 1207 43,
1043 1161 1082 1207 2,
1118 1171 1204 1196 cum
1233 1159 1414 1196 anacrusi
1440 1157 1548 1195 brevi

181 1225 253 1276 frg.
287 1229 344 1275 17,
377 1229 394 1264 1
427 1230 465 1266 et
494 1230 560 1276 24,
591 1230 630 1276 3,
659 1227 775 1277 longa
804 1230 871 1276 24,
905 1231 936 1266 1.

288 1294 490 1344 Spondeus
517 1297 667 1345 positus
696 1300 755 1335 est
781 1297 822 1335 in
849 1298 974 1346 primo
1002 1297 1100 1346 pede
1128 1296 1200 1345 frg.
1230 1299 1296 1343 24,
1318 1299 1339 1334 3
1367 1299 1405 1334 et
1430 1298 1490 1341 43,
1514 1298 1548 1333 2.

184 1362 356 1402 Caesura
382 1363 423 1401 in
451 1363 619 1403 secundo
647 1364 745 1414 pede-
772 1365 963 1413 mascula,
988 1366 1063 1404 nisi
1087 1365 1127 1403 in
1154 1364 1226 1413 frg.
1248 1366 1315 1411 24,
1333 1367 1353 1402 3
1381 1363 1547 1402 femella.

185 1431 425 1470 Coniunctus
453 1434 623 1471 occurrit
657 1433 729 1482 frg.
760 1437 826 1481 35,
860 1434 927 1472 ubi
963 1435 999 1472 ei
1033 1433 1228 1472 antecedit
1264 1433 1422 1482 dipodia
1456 1433 1551 1469 iam-

183 1498 289 1546 bica,
319 1512 434 1549 quem
468 1513 622 1538 versum
658 1501 786 1540 minus
819 1506 924 1541 recte
953 1501 1178 1540 Welckerus
1213 1501 1450 1550 asynartetis
1486 1513 1552 1537 an-

185 1571 375 1607 numerat.
389 1569 419 1621 3)
449 1569 627 1608 Eundem
645 1583 798 1609 versum
826 1584 904 1609 una
932 1570 1083 1622 syllaba
1111 1570 1242 1609 demta
1264 1569 1551 1608 Archilochium

186 1639 329 1675 vocant
355 1639 611 1687 grammatici.
626 1638 657 1690 4)

291 1706 393 1744 Dum
415 1707 520 1757 apud
542 1708 816 1747 Archilochum
839 1708 1022 1758 dactylici
1043 1707 1214 1758 rhythmi
1229 1720 1361 1744 versus
1385 1707 1552 1744 trimetri

186 1774 430 1823 praevalent,
462 1775 639 1825 Alcman,
668 1789 783 1826 quem
811 1777 933 1815 secuti
962 1780 1051 1820 sunt
1077 1779 1216 1826 poetae
1239 1775 1403 1821 Aeolici,
1432 1777 1554 1812 tetra-

187 1843 323 1881 metris
351 1844 506 1893 saepius
534 1857 625 1883 usus
654 1847 728 1892 est,
767 1858 931 1894 quorum
965 1844 1064 1883 duae
1099 1844 1263 1890 formae,
1302 1847 1341 1881 et
1370 1842 1552 1881 catalect.

187 1910 228 1947 in
248 1910 331 1961 syll.
345 1910 375 1962 5)
399 1914 437 1950 et
460 1912 667 1951 acatalect.
681 1913 713 1965 ⁶)
734 1912 783 1951 ab
804 1925 848 1951 eo
868 1925 1008 1951 nomen
1028 1911 1211 1962 trahunt3
1241 1915 1414 1949 attamen
1436 1910 1554 1948 etiam

190 1979 445 2019 Archilochus
472 1981 512 2019 in
550 1981 684 2031 epodis
719 1986 991 2020 tetrametrum
1027 1980 1204 2020 catalect.
1240 1983 1279 2018 et
1317 1980 1357 2017 in
1392 1978 1476 2029 syll.
1514 1982 1554 2016 et

189 2046 230 2084 in
258 2047 385 2098 disyll.
414 2048 605 2087 adhibuit.
620 2049 647 2101 7)

296 2172 321 2210 ¹)
344 2172 400 2204 cfr.
422 2172 560 2204 Liebel
584 2184 615 2213 p.
638 2174 687 2205 28.
731 2173 950 2213 Hephaest.
981 2184 1010 2213 p.
1036 2174 1084 2204 39,
1130 2173 1229 2203 Plot.
1254 2182 1283 2211 p.
1308 2171 1397 2201 2640.
1455 2169 1556 2199 Serv.

192 2231 222 2261 p.
245 2222 334 2255 1820.

299 2286 322 2328 ²)
345 2286 507 2321 Centim.
530 2299 560 2330 p.
586 2290 673 2321 1820.

300 2350 324 2388 ³)
350 2351 512 2383 Alcman
535 2362 566 2393 p.
590 2354 637 2384 13.

299 2414 324 2453 ⁴)
347 2414 489 2447 Liebel
513 2426 544 2456 p.
568 2415 616 2447 30.
660 2415 715 2448 cfr.
740 2416 847 2449 Serv.
870 2427 900 2457 p.
928 2417 1014 2449 1826.

299 2478 323 2517 ⁵)
346 2477 452 2509 Serv.
475 2489 505 2518 p.
532 2478 621 2510 1820.
664 2479 873 2519 Hephaest
905 2490 936 2519 p.
959 2481 1009 2510 40.

298 2539 321 2582 ὅ)
344 2541 402 2573 cfr.
425 2545 555 2583 praeter
576 2546 642 2575 not.
666 2544 685 2573 5
708 2542 855 2574 laudatos
877 2542 911 2573 Μ
921 2553 970 2574 ar.
994 2543 1088 2574 Viet.
1113 2553 1142 2583 p.
1167 2542 1248 2573 25ῐὸΙ
1271 2546 1302 2572 et
1324 2540 1415 2572 9362.

300 2605 326 2644 ἲ)
350 2604 408 2637 cfr.
431 2605 576 2637 Liebel
600 2618 630 2647 p.
653 2606 702 2639 28.
