1728 2976
850 111 894 146 17

299 237 438 272 Versus
464 237 606 272 numeri
634 236 799 272 iambici.
1366 274 1378 279 ,

295 302 350 340 Ut
376 312 636 339 monometrum
669 302 927 350 trochaicum,
960 303 1017 340 ita
1050 305 1248 339 iambicam
1282 314 1437 351 quoque
1472 314 1548 339 non

191 369 370 409 adhibuit
396 370 470 408 nisi
498 370 746 409 coniunctum
774 383 860 409 cum
887 370 975 409 aliis
1003 369 1213 409 ordinibus.
1250 368 1457 408 Antecedit
1489 381 1550 406 or-

192 438 272 476 dini
301 439 549 487 anapaestico
577 438 651 486 frg.
681 440 748 483 20,
777 438 903 476 ordini
925 438 1117 487 dactylico
1137 438 1215 486 ⁴frg.
1237 441 1301 485 60,
1323 441 1362 484 5,
1383 437 1547 474 dimetro

190 506 322 546 lonico
350 519 374 545 a
400 506 491 544 min.
520 505 592 555 frg.
621 508 669 544 83
699 508 738 544 et
766 508 834 553 84;
863 504 935 555 frg.
965 505 1071 558 87.1)

295 571 460 612 Dimeter‘·
478 577 722 620 acatalectus,
752 586 828 622 quo
848 573 1102 612 Archilochus
1121 575 1346 623 saepissime
1364 586 1458 611 usus
1478 576 1548 619 est,

190 646 229 682 et
256 655 327 693 pro
356 641 479 692 epodo
509 646 547 681 et
572 640 669 681 κατὰ
696 640 826 692 στίχον
861 642 1034 680 carmina
1066 641 1356 694 componens,²)
1393 654 1471 691 qua
1502 640 1549 679 de

191 724 308 749 causa
335 710 623 749 Archilochium
651 724 737 749 eum
765 711 1009 759 grammatici
1037 711 1294 761 appellant,3)
1329 710 1434 760 apud
1461 709 1550 748 Alc-

189 791 341 817 manem
363 782 409 816 ‘et
435 791 589 816 versum
619 779 841 826 constituit,
870 782 914 816 ut
941 778 1012 827 frg.
1042 780 1107 826 76,
1134 782 1173 816 et
1194 778 1442 827 coniungitur
1462 789 1550 815 cum

191 847 277 885 aliis
304 847 457 894 metris,
492 850 536 885 ut
568 860 656 885 cum
684 847 875 896 dactylico
902 846 974 896 frg.
1005 849 1064 884 35.
1094 846 1329 896 Tribrachys
1357 859 1548 895 nusquam

191 914 393 953 admissus.

298 987 457 1020 Dimetri
483 986 696 1020 catalectici
722 983 872 1023 nullum
900 983 1118 1032 exemplum
1137 984 1232 1021 satis
1253 986 1402 1021 certum
1421 982 1552 1021 afferri

191 1054 341 1101 potest,
369 1064 493 1100 neque
520 1052 668 1090 scioan
693 1054 811 1101 poeta
837 1051 939 1089 hunc
966 1064 1120 1089 versum
1147 1054 1192 1089 ut
1219 1051 1374 1090 mollem
1402 1056 1442 1090 et
1468 1052 1551 1090 lan-

193 1119 352 1168 guidum
389 1132 549 1168 prorsus
585 1119 860 1169 repudiaverit.
902 1119 1048 1157 Divisio
1086 1120 1187 1157 enim
1224 1119 1295 1169 frg.
1335 1123 1396 1165 87,
1435 1133 1551 1170 quam

192 1186 383 1236 Bergkius
418 1186 542 1235 dedit,
580 1190 625 1225 ut
660 1188 808 1237 primus
835 1200 979 1226 -versus
1015 1189 1066 1225 sit
1100 1187 1232 1227 dimet.
1267 1187 1382 1226 iamb.
1418 1189 1551 1237 catal.,

192 1255 359 1294 maxime
388 1254 507 1293 dubia
535 1259 609 1303 est,
638 1268 757 1304 quum
785 1268 909 1304 neque
936 1256 984 1294 de
1012 1256 1263 1294 emendandis
1282 1256 1409 1295 verbis
1427 1270 1552 1306 neque

193 1323 241 1361 de
269 1322 499 1373 explicanda
527 1323 720 1362 sententia
747 1323 843 1361 satis
872 1322 1077 1374 constetfl)
1105 1323 1136 1361 F
1139 1336 1195 1373 rg.
1226 1327 1285 1372 58,
1308 1327 1329 1361 2
1356 1325 1552 1374 integrum

193 1404 270 1429 non
299 1394 357 1429 est
384 1391 564 1440 idemque
593 1391 669 1430 dici
695 1394 827 1441 potest
854 1390 901 1430 de
935 1391 1007 1441 frg.
1037 1394 1102 1437 74,
1132 1395 1171 1440 4,
1208 1405 1444 1442 quamquam
1479 1393 1551 1431 hoc

192 1458 295 1506 loco,
325 1471 443 1508 quum
471 1471 542 1508 pro
571 1459 747 1497 clausula
774 1460 993 1508 systematis
1021 1460 1089 1507 sit,
1119 1458 1212 1497 ferri
1239 1464 1379 1509 potest.

304 1528 481 1563 Trimetri
500 1530 705 1564 acatalectt'
718 1527 859 1565 mirum
872 1530 932 1565 est
945 1526 1097 1565 nullum
1112 1531 1263 1566 exstare
1280 1528 1508 1578 exemplum,
1520 1528 1550 1580 ⁵)

194 1606 319 1643 neque
330 1595 592 1644 ‚grammatici
618 1595 732 1633 huius
756 1607 888 1633 versus
912 1601 955 1633 ut
973 1594 1025 1632 ab
1045 1595 1228 1633 Alcmane
1247 1596 1429 1645 usurpati
1447 1609 1553 1635 men—

192 1664 337 1702 tionem
364 1663 524 1702 faciunt.
552 1663 752 1713 Frequens
780 1667 909 1703 autem
929 1664 1098 1702 occurrit
1120 1666 1282 1701 trimeter
1300 1668 1553 1711 catalecticus,

193 1732 302 1769 cuius
329 1731 584 1769 Archilochus
611 1732 790 1770 inventor
817 1732 1060 1781 laudatur;⁶)
1090 1733 1158 1770 cfr.
1188 1732 1260 1781 frg.
1291 1736 1359 1779 36;
1387 1737 1456 1780 743
1484 1737 1551 1780 753

194 1802 256 1840 81.
291 1799 361 1839 Cui
388 1800 537 1849 versui,
567 1804 755 1850 quantum
783 1813 830 1838 ex
856 1798 1083 1849 fragmentis
1112 1813 1211 1850 quae
1241 1803 1450 1850 supersunt
1478 1800 1554 1839 col-

192 1868 313 1916 ligere
340 1868 449 1915 licet,
476 1868 517 1906 id
543 1869 744 1917 proprium
766 1872 841 1915 est,
861 1871 906 1906 ut
924 1868 1064 1906 tertiae
1084 1868 1264 1917 dipodiae
1283 1869 1409 1917 prima
1429 1869 1550 1907 thesis

194 1935 350 1986 longam
377 1934 566 1987 syllabam
593 1948 671 1975 non
699 1935 903 1983 admittat3
933 1947 1048 1986 quam
1076 1934 1125 1975 ob
1159 1948 1317 1975 causam
1351 1936 1466 1976 aliter
1500 1937 1554 1976 sic

303 2091 325 2132 ¹)
349 2091 377 2122 si
398 2090 527 2130 divisio,
550 2100 644 2130 quam
666 2088 867 2129 Bergkius
890 2087 993 2128 dedit,
1015 2092 1103 2121 recta
1125 2095 1183 2122 est.

299 2156 326 2193 ²)
349 2154 405 2185 cfr.
428 2153 595 2192 Liebel,
619 2152 832 2184 Archilochus
854 2162 885 2191 p.
906 2151 956 2183 24.

301 2218 327 2256 ³)
351 2215 552 2249 Victorin.
576 2226 608 2256 p.
631 2215 721 2247 2585.
757 2209 865 2247 Serv.
888 2214 1022 2247 Centim.
1046 2225 1078 2255 p.
1101 2215 1191 2247 1818.

300 2280 325 2317 ⁴²)
349 2278 405 2311 cfr.
428 2278 620 2317 Welcker,
642 2278 727 2309 Mus.
750 2278 853 2310 Rhen.
875 2278 915 2309 X.
937 2289 969 2318 p.
992 2278 1052 2309 242
1075 2287 1122 2319 sq.
1145 2279 1309 2320 (Kleinere
1326 2279 1487 2311 Schriften
1504 2279 1556 2311 [V.

195 2341 226 2372 p.
249 2330 289 2362 37
311 2330 372 2372 sq.)

304 2394 326 2435 ⁵)
349 2394 431 2426 Nam
454 2393 539 2434 quod
561 2393 691 2425 Welck
702 2402 804 2433 erus,
831 2393 923 2425 Alcm
955 2404 986 2434 p.
1017 2395 1054 2425 13
1081 2392 1189 2433 affert,
1220 2394 1341 2426 nullum
1366 2399 1430 2434 est,
1461 2405 1556 2436 quum

196 2447 257 2478 hoc
286 2446 500 2486 fragmentum
528 2450 615 2477 recte
645 2446 849 2477 emendatum
878 2446 1052 2477 constituat
1080 2449 1309 2479 tetrametrum.
1343 2446 1398 2479 cfr.
1427 2447 1488 2487 srg.
1521 2449 1555 2478 13

196 2499 245 2532 ed,
269 2498 429 2539 Bergk.

300 2562 325 2602 ⁶)
348 2562 404 2594 cfr.
427 2562 574 2594 Liebel
596 2573 625 2603 p.
649 2562 698 2594 24.

1312 2631 1330 2661 Ν.)
