1728 2976
835 110 883 146 43

177 233 355 284 caeum1)
394 236 432 272 et
466 233 506 273 in
541 232 805 286 Dioscuros.2)
843 233 1013 272 Exstant
1046 232 1164 272 etiam
1191 231 1411 281 fragmenta
1438 230 1545 281 hym-

177 316 314 341 norum
341 304 381 340 in
409 303 596 341 Iunonem
624 303 714 354 (frg.
748 303 829 354 18),
858 303 899 340 in
928 302 1146 351 Apollinem
1175 301 1265 351 (srg,
1289 302 1372 350 19),
1407 301 1447 338 in
1475 301 1547 338 Ar—

176 370 298 409 temin
328 370 536 423 (20—22),
564 371 605 409 in
633 370 877 421 Aphroditen
903 369 1000 422 (23).
1029 369 1209 417 Paeanis,
1240 369 1306 418 qui
1334 368 1384 407 ad
1412 368 1546 418 epulas

178 439 408 486 canebatur,
438 440 656 489 exemplum
686 443 745 477 est
772 439 845 488 frg.
876 442 937 478 24.

281 506 477 553 Quantum
509 506 809 557 hymenaeorum
839 509 877 545 et
905 506 1245 556 epithalamiorum
1271 517 1474 543 numerum
1494 504 1547 542 fe-

178 575 291 623 cerit,
321 578 550 624 argumento
581 579 639 613 est
666 575 764 613 illud
791 574 987 613 Leonidae
1017 574 1319 624 epigrammat3)

367 646 403 679 T
402 642 444 680 ὂν
470 642 635 695 χαρίεντ’
660 640 872 691 Ἀλκμᾶνα,
900 642 967 680 τὸν
995 641 1177 694 ὑμνητῆρ’
1206 639 1397 690 ὑμεναίων

364 707 510 760 κύκνον,
539 710 605 750 τὸν
632 713 805 750 Μουσῶν
833 707 926 760 ἄξια
952 709 1216 764 μελψάμενον.

282 781 584 818 Annumeranda
616 781 663 818 iis
700 780 882 818 videntur
913 780 987 829 frg.
1018 784 1066 817 74
1101 784 1140 818 et
1177 782 1279 830 60.4)
1314 781 1449 828 Neque
1477 781 1548 817 mi-

177 861 249 887 nus
278 848 465 887 Thaletae
493 848 628 897 poesin
656 850 813 886 secutus
846 847 1150 898 hyporchemata
1186 849 1418 898 composuit,
1455 849 1548 897 quia

177 917 250 955 hoc
286 918 500 955 carminum
536 930 656 965 genus
690 917 822 966 paullo
851 920 943 954 ante
972 929 996 953 a
1025 917 1189 955 Thaleta
1217 917 1414 955 excultum
1442 920 1481 953 et
1508 917 1548 953 in

177 984 486 1034 Peloponnesum
513 985 715 1023 inductum
726 984 756 1035 5)
786 984 951 1034 Spartae
979 985 1147 1023 multum
1175 984 1387 1023 colebatur.
1398 984 1428 1035 6)
1458 984 1547 1033 Frg.

179 1056 227 1091 38
256 1056 296 1091 et
323 1057 485 1103 propter
513 1056 681 1092 metrum
701 1053 897 1092 Creticum
921 1057 960 1091 et
979 1057 1140 1103 propter
1159 1056 1432 1103 argumentum
1452 1053 1548 1091 satis

178 1121 350 1159 iocosum
379 1125 484 1159 certe
512 1121 825 1171 hyporchematis
850 1124 920 1160 est.

281 1189 477 1238 Imprimis
505 1203 595 1227 vero
625 1190 840 1227 carminum
867 1190 1042 1237 illorum,
1072 1203 1172 1239 quae
1191 1189 1399 1239 parthenia
1418 1189 1549 1238 appel-

182 1257 333 1306 lantur,
362 1261 500 1296 auctor
527 1261 643 1307 poeta
670 1261 805 1297 noster
833 1257 925 1304 fuit,
953 1258 1071 1297 immo
1091 1258 1171 1297 fere
1191 1259 1320 1298 omnia
1340 1271 1439 1307 quae
1460 1271 1550 1307 con-

180 1325 280 1363 didit
308 1325 461 1363 cantica
488 1325 696 1374 parthenia
723 1326 860 1373 fuisse,
891 1326 1081 1364 coniicere
1107 1326 1232 1375 possis
1253 1339 1299 1364 ex
1317 1325 1444 1364 verbis
1466 1326 1550 1364 Ste-

178 1393 297 1444 phani
323 1394 545 1443 Byzantini,
575 1394 642 1442 qui
670 1393 742 1443 frg.
772 1396 819 1431 25
849 1394 1049 1448 laudatfl)
1079 1392 1119 1432 ἐν
1146 1390 1244 1446 ἀρχῇ
1270 1396 1340 1432 τοῦ
1367 1388 1549 1446 δευτέρου

179 1464 255 1499 τῶν
281 1460 524 1513 παρθενείων
552 1457 747 1512 ᾀσμάτων.
787 1461 862 1500 Sed
890 1465 1101 1511 antequam
1136 1462 1183 1500 de
1217 1462 1290 1500 hac
1325 1476 1367 1500 re
1401 1462 1549 1511 aliquid

180 1532 417 1577 statuamus,
454 1529 719 1578 quaerendum
747 1532 823 1577 est,
861 1529 1094 1579 quibusnam
1122 1529 1357 1568 carminibus
1384 1530 1456 1568 hoc
1484 1543 1551 1568 no—

178 1610 266 1636 men
287 1601 435 1636 veteres
461 1597 692 1645 tribuerint,
720 1597 955 1636 dissentiunt
975 1598 1076 1636 enim
1096 1599 1200 1636 inter
1220 1611 1259 1636 se
1281 1598 1503 1648 scriptores
1518 1597 1548 1649 8)

179 1666 298 1703 Falsa
327 1666 408 1704 sine
436 1665 552 1704 dubio
574 1669 633 1703 est
652 1666 995 1715 grammaticorum
1014 1666 1083 1704 illa
1103 1666 1302 1704 distinctio
1323 1666 1428 1704 facta
1447 1667 1549 1704 inter

177 1732 374 1787 παρθένια
393 1737 431 1773 et
450 1736 685 1787 παρθενεῖα,
698 1734 729 1786 9)
758 1747 922 1784 quorum
943 1734 1069 1773 altera
1090 1736 1167 1773 sint
1187 1735 1359 1774 carmina
1380 1748 1403 1774 a
1423 1734 1549 1773 choris

177 1804 366 1852 virginum
406 1806 587 1850 cantata,
625 1803 751 1841 altera
778 1803 819 1840 in
848 1804 1015 1852 virgines
1045 1805 1202 1853 scripta.
1237 1804 1337 1841 Nam
1366 1804 1453 1853 quis
1481 1817 1551 1841 un-

179 1884 296 1921 quam
327 1871 480 1910 cantica
508 1871 699 1909 amatoria
728 1870 879 1919 Alcaei,
908 1870 1183 1920 Anacreontis,
1213 1872 1379 1910 aliorum
1406 1871 1447 1909 in
1475 1871 1549 1908 vir-

286 2002 311 2043 ¹)
333 2001 394 2042 frg.
420 2003 529 2032 1—11.
552 2020 591 2024 -—
615 2001 673 2033 cfr.
695 2001 844 2032 Himer.
869 2000 957 2033 Orat.
979 2000 1019 2032 V.
1043 2003 1071 2033 3.

285 2065 307 2107 ²)
329 2064 389 2106 frg.
416 2065 546 2097 12—17.
571 2084 608 2087 —
632 2064 691 2097 cfr.
714 2064 847 2096 Schol.
871 2063 963 2096 Pind.
987 2064 1080 2105 Pyth.
1104 2064 1158 2096 IV.
1182 2064 1253 2096 318.

284 2129 311 2170 3)
331 2127 503 2165 Jacobs,
527 2127 661 2159 Anthol.
684 2126 797 2159 Graec.
819 2127 835 2157 Ι
867 2137 898 2167 p.
920 2127 992 2158 311.

285 2193 311 2232 4)
336 2191 393 2225 cfr.
411 2190 501 2223 Bode
520 2190 551 2222 II
559 2190 590 2223 b.
609 2200 641 2231 p.
660 2189 711 2221 25.

289 2256 312 2296 ⁵)
335 2255 391 2287 cfr.
413 2264 511 2295 supra
532 2265 563 2295 p.
587 2255 636 2286 11.

288 2318 311 2359 ⁶)
335 2318 394 2351 cfr.
414 2318 523 2350 Bode
543 2318 611 2349 IIb.
632 2327 664 2358 p.
684 2317 734 2349 33.
776 2315 1027 2357 Bernhardy
1046 2317 1087 2349 ΙΙ.
1107 2327 1139 2358 ρ.
1159 2317 1230 2349 452.

290 2382 313 2422 ⁷)
336 2390 358 2412 S.
381 2392 411 2413 v.
429 2379 607 2428 Ἐρυσίχη.
769 2364 773 2368 ’

283 2447 309 2484 ⁸)
332 2443 437 2475 Locos
465 2444 627 2484 congessit
652 2444 831 2486 Boeckh,
858 2445 951 2478 Pindi
975 2444 1089 2485 fragm.
1109 2454 1141 2484 p.
1163 2443 1233 2476 589.
1270 2443 1326 2475 cfr.
1347 2443 1552 2482 Welcker,

181 2496 317 2528 Alcman
336 2507 366 2537 p.
390 2498 438 2529 10.
526 2503 531 2508 ’

288 2560 311 2601 ⁹)
334 2559 390 2591 cfr.
411 2560 543 2592 Schol.
564 2560 664 2593 Arist.
685 2560 747 2594 Av.
769 2561 840 2595 920.
877 2561 1018 2594 Athen.
1040 2560 1126 2593 XIV.
1147 2559 1245 2592 631D
