1728 2976
868 110 915 148 15

207 241 332 276 torem
352 248 439 274 eum
460 236 648 284 omnium,
671 248 771 284 quae
795 238 913 274 antea
934 234 1039 286 apud
1059 237 1195 284 poetas
1217 234 1383 272 Doricae
1404 234 1573 272 nationis

206 318 284 344 non
311 307 775 351 occurrunt,-metrorum
795 304 1022 354 praedicare
1044 302 1185 341 falsum
1206 306 1276 341 est.
1304 303 1426 341 Immo
1443 303 1573 353 potius

205 372 280 411 hoc
313 371 565 422 praecipuum
601 371 686 409 eius
720 372 902 409 meritum
940 375 1017 419 est,
1056 371 1160 421 quod
1193 374 1320 409 metra
1354 384 1378 409 a
1412 371 1574 420 singulis

205 441 332 491 poetis
359 441 400 480 in
425 440 587 480 diversis
612 440 800 480 Graeciae
818 439 1041 491 regionibus
1060 440 1217 480 inventa
1236 440 1439 490 usurpavit
1457 443 1574 489 atque

206 510 248 547 in
274 508 410 558 poesin
438 508 621 551 Doricam
646 508 812 546 induxit.
843 508 1043 556 Omnium,
1065 509 1131 558 qui
1151 511 1242 546 ante
1261 508 1459 546 Alcmanis
1478 511 1575 545 tem-

207 591 304 628 pora
331 575 540 624 florebant,
563 580 767 626 poetarum
792 576 981 627 plurimas
1000 590 1119 615 novas
1138 575 1410 626 rhythmorum
1428 575 1573 614 formas

207 644 463 684 Archilochus
500 645 683 692 tentavit,
722 645 874 694 generis
911 645 1120 694 praecipue
1158 644 1342 694 duplicis,
1382 657 1428 682 ex
1464 644 1572 693 poesi

206 713 389 765 populari
406 713 448 752 in
467 713 589 753 sacris
615 713 859 764 Dionysiacis
883 714 1046 753 solemni
1069 714 1271 764 repetitas.
1284 712 1312 765 l)
1344 713 1461 753 Cuius
1486 712 1575 751 Alc-

207 795 299 821 man
326 783 489 831 vestigia
517 795 702 831 sequens,
731 795 851 831 quum
874 783 945 821 has
970 784 1123 832 generis
1144 782 1310 832 duplicis
1329 782 1474 820 formas
1492 795 1575 819 car-

206 849 376 890 minibus
405 849 570 889 choricis
595 851 743 901 primus
767 850 972 890 adhiberet
992 851 1217 901 primusque
1237 850 1430 901 dactylica
1448 854 1574 889 metra

208 919 434 969 hexametro
462 919 641 956 breviora
667 919 708 955 in
735 919 843 968 poesi
871 919 1015 957 Dorica
1042 923 1268 968 usurparet,
1300 923 1405 956 recte
1435 919 1574 957 Suidas

209 986 257 1026 de
286 999 331 1026 eo
356 986 483 1026 dicere
510 987 706 1038 potestz2)
733 988 889 1039 πρῶτος
918 985 961 1025 δὲ
988 982 1166 1039 εἰσήγαγε
1193 985 1238 1025 τὸ
1265 986 1320 1039 μὴ
1348 985 1576 1040 ἑξαμέτροις

206 1054 410 1106 μελῳδεῖν,
450 1056 591 1105 quibus
627 1055 753 1094 verbis
794 1056 973 1105 congruit
1010 1056 1157 1094 dictum
1192 1056 1289 1094 illud
1324 1056 1574 1106 anonym123)

209 1124 373 1162 Alcman
391 1137 573 1163 numeros
589 1125 708 1163 etiam
728 1124 867 1162 minuit
885 1125 925 1162 in
945 1125 1127 1163 carmine.
1166 1124 1299 1174 Neque
1324 1128 1456 1162 tamen
1481 1124 1576 1162 alio-

209 1205 298 1230 rum
324 1196 530 1243 poetarum
557 1193 715 1231 inventa
742 1193 929 1243 neglexit,
958 1193 1145 1231 nonnulla
1173 1194 1256 1242 ipse
1285 1192 1458 1240 novavit,
1478 1205 1576 1230 sem—

208 1274 278 1311 per
304 1260 420 1299 rebus
436 1260 608 1299 dicendis
625 1261 788 1300 formam
810 1262 954 1311 optime
973 1261 1281 1300 accommodans.
1312 1261 1419 1308 Quae
1447 1262 1577 1300 omnia

208 1333 253 1367 ut
279 1329 403 1378 magis
431 1329 626 1377 eluceant,
655 1329 808 1378 singula
830 1329 1101 1378 rhythmorum
1121 1342 1281 1378 genera,
1309 1342 1408 1378 quae
1426 1330 1467 1367 in
1487 1330 1575 1368 Alc-

209 1397 335 1436 manis
364 1396 600 1436 carminibus
628 1395 741 1436 obvia
769 1400 875 1446 sunt,
903 1397 1038 1448 paucis
1067 1396 1325 1449 describam4)
1363 1410 1489 1448 neque
1517 1401 1576 1437 ta-

209 1479 298 1504 men
325 1466 366 1504 id
392 1466 720 1516 praetermittam,
755 1466 856 1504 unde
885 1466 1038 1515 singula
1064 1470 1189 1504 metra
1216 1467 1458 1516 repetiverit,
1493 1468 1577 1516 qui-

209 1533 359 1584 busque
378 1534 418 1572 in
448 1534 662 1572 carminum
691 1533 896 1583 generibus
924 1533 1168 1582 adhibuerit,
1198 1538 1386 1583 quantum
1405 1534 1490 1574 fieri
1509 1547 1577 1585 po-

209 1607 304 1649 test,
333 1602 489 1640 addere.
528 1602 627 1640 Dein
659 1602 706 1640 de
734 1606 819 1640 arte
847 1606 886 1640 et
915 1603 1084 1650 ratione,
1119 1616 1196 1652 qua
1223 1604 1264 1641 in
1301 1603 1575 1653 componendis

209 1670 379 1721 strophis
406 1683 498 1708 usus
526 1673 600 1718 est,
630 1669 801 1720 quidque
830 1669 877 1708 de
906 1670 1117 1708 excolenda
1144 1670 1395 1720 stropharum
1422 1684 1576 1722 compo-

212 1740 352 1778 sitione
380 1740 542 1778 meritus
571 1739 641 1788 sit,
671 1739 943 1789 explicandum
971 1740 1056 1779 erit.

321 1810 521 1845 Trochaici
547 1811 688 1845 numeri
715 1807 985 1846 brevissimum
1011 1812 1178 1847 metrum
1207 1809 1376 1847 occurrit
1409 1812 1574 1862 dipodia

208 1877 424 1925 trochaica,
454 1890 571 1927 quam
594 1877 670 1915 11181
695 1877 941 1915 coniunctam
968 1889 1056 1915 cum
1084 1877 1171 1916 aliis
1196 1877 1396 1917 ordinibus
1421 1892 1499 1918 non
1516 1879 1574 1917 in—

207 1945 331 1982 venio.
371 1945 461 1994 Frg.
500 1947 546 1982 63
586 1944 795 1982 dimetrum
830 1944 972 1994 dactyl.
1009 1948 1083 1982 cat.
1118 1946 1160 1982 in
1194 1945 1321 1995 disyll.
1357 1947 1572 1995 antecedit,

208 2012 277 2051 sed
303 2013 513 2061 incertum,
547 2026 599 2052 an
626 2013 677 2051 sit
711 2012 854 2063 duplex
886 2012 1002 2051 basis.
1040 2013 1224 2062 Sequitur
1252 2027 1406 2053 versum
1432 2015 1574 2054 Phere—

210 2084 386 2120 crateum
420 2081 492 2131 frg.
523 2083 589 2130 66,
620 2084 653 2119 2.
697 2081 917 2131 Spondeum
942 2080 1003 2119 his
1031 2081 1127 2120 locis
1153 2085 1270 2131 poeta
1298 2096 1376 2121 non
1403 2083 1572 2122 admisit.

313 2154 484 2188 Dimetro
504 2153 694 2189 trochaico
713 2154 752 2188 et
771 2154 982 2188 acatalecto
992 2149 1023 2201 ⁵)
1053 2154 1093 2189 et
1110 2154 1330 2190 catalectico
1349 2152 1574 2203 saepissime

340 2294 362 2328 ¹)
386 2289 444 2321 cfr.
467 2288 677 2321 Rossbach
698 2292 731 2320 et
753 2288 978 2329 Westphal,
1001 2289 1121 2321 Metrik
1145 2290 1201 2321 ΙΙΙ.
1224 2300 1256 2330 p.
1279 2290 1348 2322 135.

336 2347 361 2387 ²)
383 2356 409 2378 8.
432 2357 462 2379 v·
481 2344 645 2392 Ἀλκμάν.

335 2410 359 2450 ³)
381 2410 420 2441 In
442 2408 670 2450 Havercampii
692 2408 832 2441 editione
855 2407 1024 2441 Censorini
1044 2420 1076 2450 p.
1101 2410 1170 2442 140.

333 2468 361 2505 ⁴)
383 2467 561 2499 Metrorum
589 2467 863 2498 enumerationem
895 2466 952 2498 sed
982 2476 1087 2507 neque
1115 2467 1245 2508 plenam
1274 2477 1379 2509 neque
1413 2469 1573 2510 integram

209 2518 298 2552 dedit
319 2519 523 2560 Welcker,
546 2519 682 2552 Alcman
704 2529 735 2561 p.
759 2518 797 2550 12
821 2522 853 2551 et
876 2519 924 2552 13.

336 2578 358 2620 ⁵)
382 2579 585 2611 Alcmanium
609 2587 680 2610 eum
702 2581 798 2609 vocat
819 2577 959 2618 Servius,
983 2577 1119 2611 Centim.
1140 2589 1172 2619 p.
1197 2580 1275 2611 1819
1300 2579 1350 2612 ed.
1373 2580 1539 2613 Putsch.
