1728 2976
843 123 891 158 29

291 244 498 293 Reliquum
528 247 603 292 est,
632 248 677 282 ut
704 245 752 283 de
777 244 996 295 fragmento
1023 245 1220 283 Alcmanis
1248 258 1371 295 nuper
1397 249 1552 295 reperto

187 311 403 363 disputem
442 312 551 351 cuius
579 324 699 362 quum
726 312 928 351 metricam
955 313 1167 361 rationem,
1204 313 1270 362 qui
1297 313 1425 352 adhuc
1451 317 1554 351 trac—

185 384 387 429 taverunt,
415 395 494 420 non
521 382 618 420 satis
654 386 759 420 recte
795 383 1086 432 perspexerint,
1119 382 1285 432 amplius
1322 382 1472 432 aliquid
1505 381 1551 421 de

186 461 231 488 eo
260 448 386 488 dicam
414 461 571 488 necesse
599 452 669 488 est.
707 449 910 488 Inventum
939 452 1001 488 est
1027 449 1101 488 hoc
1129 449 1391 499 fragmentum
1418 451 1458 487 in
1485 463 1552 499 pa-

184 532 281 568 pyro
310 518 520 557 admodum
548 518 719 556 mulcato
748 518 937 567 scriptum
964 531 1065 557 anno
1099 521 1195 557 1855
1231 532 1255 557 a
1283 518 1484 558 Muriettio
1512 519 1550 557 in

185 586 381 636 necropoli
408 598 530 636 prope
566 585 729 623 alteram
764 585 1005 635 pyramidem
1039 585 1091 623 ad
1119 585 1364 637 Sakkarah1)
1402 589 1441 624 et
1474 587 1552 636 pri-

185 668 291 693 mum
318 653 465 704 publici
493 655 588 692 iuris
617 654 763 693 factum
792 667 893 693 anno
926 657 1022 692 1863
1052 653 1101 693 ab
1128 654 1280 704 Eggero
1300 655 1340 693 in
1361 667 1552 693 commen-

184 724 299 762 tariis
321 724 388 773 qui
408 722 591 761 dicuntur
620 722 851 771 „Memoires
879 721 1080 760 d'histoire
1107 722 1293 760 ancienne
1322 726 1361 760 et
1391 723 1438 761 de
1466 723 1552 771 phi-

183 791 404 843 lologie“,²)
442 792 483 830 in
512 791 722 829 Germania
756 791 923 841 primum
959 803 983 829 a
1017 789 1177 829 Brinkio
1206 794 1420 830 tractatum
1448 805 1550 831 anno

191 862 301 898 1864.
315 859 346 911 ³)
384 860 594 898 Praeterea
629 859 675 897 de
704 872 748 897 eo
776 860 932 908 scripsit
959 859 1190 908 Bergkius
1216 860 1256 897 in
1284 860 1549 911 Philologo‚4)

180 929 322 967 iterum
350 928 391 965 in
418 925 586 966 editione
614 927 821 965 Poetarum
849 927 1059 976 lyricorum
1088 927 1328 966 Graecorum
1363 928 1549 980 tertia‚⁵)

182 997 301 1035 tertio
329 996 369 1034 in
397 995 621 1045 Appendice
650 994 821 1033 eiusdem
850 994 952 1032 libri.
966 994 998 1046 ὃ)
1028 994 1212 1033 Charta
1240 1008 1287 1034 ex
1314 999 1550 1034 commenta-

181 1066 251 1104 riis
280 1077 399 1115 supra
426 1062 597 1102 laudatis
626 1063 822 1113 exscripta
852 1066 983 1101 exstat
1011 1064 1051 1101 in
1078 1063 1279 1113 Philologo
1308 1064 1400 1102 anni
1433 1067 1547 1113 1864,

181 1133 368 1172 adiuncta
395 1132 713 1170 commentationi
740 1131 944 1178 Brinkii,
974 1144 1092 1180 quam
1118 1132 1369 1181 repetendam
1399 1134 1549 1172 curavit

180 1201 439 1253 Bergkius,
467 1201 574 1239 Poet.
603 1199 675 1250 lyr.
705 1198 842 1239 Graec.
872 1198 931 1238 ed.
958 1198 1026 1238 ΙΙΙ.
1052 1213 1089 1250 p.
1110 1201 1203 1249 824,
1232 1199 1413 1251 idemque
1441 1200 1549 1241 aliud

181 1271 379 1321 exemplar
407 1269 629 1308 accuratius
658 1281 705 1306 ex
732 1269 877 1318 sylloge
904 1268 1129 1306 chartarum
1153 1269 1420 1307 Parisinarum
1434 1271 1462 1320 ⁷)
1484 1270 1549 1308 de-

181 1340 370 1390 scriptum
398 1336 522 1377 edidit
548 1336 573 1375 1.
598 1336 623 1375 l.
651 1349 688 1387 p.
721 1339 818 1374 1378
839 1349 894 1387 sq.
923 1336 996 1375 Est
1022 1336 1119 1375 haec
1147 1336 1301 1385 tabula,
1331 1337 1378 1375 de
1408 1351 1486 1388 qua
1515 1339 1547 1376 si

180 1407 402 1446 accuratius
431 1405 581 1455 aliquid
609 1417 843 1454 cognoscere
871 1405 987 1453 velis,
1023 1405 1141 1443 adeas
1168 1405 1289 1443 libros
1317 1419 1438 1456 supra
1464 1407 1548 1445 lau-

180 1476 315 1523 datos,
350 1476 392 1514 in
427 1479 506 1513 tres
541 1474 739 1513 columnas
774 1473 992 1523 descripta,
1031 1486 1130 1523 quae
1165 1477 1297 1512 tamen
1332 1475 1415 1513 eius
1454 1479 1546 1513 sunt

182 1544 432 1590 conditionis,
469 1546 514 1581 ut
540 1543 580 1580 in
606 1542 733 1592 prima
759 1554 885 1591 pauca
913 1544 1086 1590 tantum,
1124 1542 1164 1580 in
1192 1543 1311 1580 tertia
1340 1542 1421 1582 fere
1449 1544 1546 1582 nihil

182 1615 331 1650 certum
359 1624 484 1660 neque
512 1610 560 1649 de
588 1609 715 1649 verbis
743 1623 869 1659 neque
897 1609 944 1648 de
963 1613 1088 1648 metro
1109 1611 1230 1649 statui
1248 1611 1389 1660 possit3
1420 1611 1546 1650 alt-era

177 1680 273 1718 satis
301 1679 456 1729 integra
484 1682 638 1717 servata
666 1681 742 1726 est,
772 1678 819 1717 de
849 1691 926 1727 qua
955 1678 1038 1717 sola
1062 1678 1239 1717 hocloco
1260 1678 1388 1718 dicere
1408 1678 1460 1717 ad
1478 1692 1545 1718 no-

178 1753 305 1788 strum
331 1748 575 1799 propositum
603 1747 781 1787 sufficiet.

281 1817 408 1863 Quum
434 1817 612 1867 Eggerus
640 1828 841 1865 superesse
875 1816 915 1852 in
949 1815 1023 1853 hac
1056 1828 1205 1864 papyro
1238 1816 1426 1864 reliquias
1454 1817 1543 1854 Alc-

177 1886 301 1924 manis
315 1885 344 1937 8)
373 1885 506 1936 hymni
533 1886 574 1924 in
600 1884 811 1923 Dioscuros
837 1882 1098 1932 contenderit,
1118 1882 1320 1932 Brinkius,
1340 1883 1441 1922 hanc
1460 1896 1545 1923 sen-

290 2034 310 2074 ¹)
331 2033 390 2065 cfr.
411 2033 447 2064 B,
471 2036 539 2064 ten
562 2030 686 2064 Brink
708 2031 740 2062 in
763 2029 880 2062 Philol.
902 2029 989 2062 XXI.
1011 2039 1041 2070 p.
1065 2027 1134 2060 126.

284 2097 308 2134 2>
331 2104 391 2136 pro
415 2095 495 2126 1863
516 2105 547 2135 p.
574 2093 744 2126 159-175.
779 2093 834 2124 cir.
858 2093 896 2124 T.
918 2081 1045 2123 Brink
1068 2093 1088 2124 1.
1110 2093 1130 2123 1.

284 2159 307 2201 ³)
329 2158 444 2190 Philol.
467 2158 554 2190 XXI.
579 2168 610 2199 p.
634 2157 692 2188 126
714 2165 763 2197 sq.

282 2223 308 2263 ⁴)
330 2222 434 2254 XXII.
457 2232 487 2262 p.
512 2223 527 2253 l
552 2231 600 2262 sq.

284 2286 308 2325 5)
331 2296 363 2327 p.
386 2284 449 2317 824
470 2294 518 2326 sq.

283 2348 307 2390 ⁶)
329 2360 360 2390 p.
386 2349 466 2381 1378
488 2358 534 2389 sq.

286 2412 308 2450 ⁷)
332 2411 465 2443 Notices
487 2415 519 2442 et
549 2410 682 2442 extraits
713 2409 753 2442 de
781 2398 993 2449 Manuscrits‚
1022 2408 1142 2442 XVIII.
1163 2408 1191 2441 2.
1221 2420 1251 2451 p.
1275 2411 1335 2442 416
1358 2420 1405 2452 sq.
1438 2422 1469 2443 n.
1495 2413 1544 2444 71.

177 2465 257 2497 Tab.
282 2463 321 2497 L.
355 2463 411 2497 cfr.
434 2463 568 2504 Bergk
590 2474 621 2504 p.
646 2462 736 2496 1378.

282 2528 307 2566 ²³)
330 2528 412 2558 Esse
435 2527 599 2558 Alcmanis
622 2527 684 2557 hoc
708 2526 923 2566 fragmentum
946 2527 1025 2558 satis
1054 2526 1222 2566 perspicue
1249 2527 1398 2566 probavit
1424 2527 1543 2568 Berg-

177 2579 283 2619 kius,
306 2580 395 2611 Poet.
417 2579 477 2621 lyr.
499 2579 616 2611 Graeci
638 2589 669 2620 p.
691 2579 762 2611 825.
