1728 2976
844 125 890 160 27

189 246 307 286 Aliud
334 247 416 286 eius
445 248 596 298 generis
625 250 796 298 systema
823 251 951 287 exstat
978 247 1050 298 frg.
1078 250 1143 296 76,
1173 248 1277 298 quod
1303 261 1350 287 ex
1374 247 1549 287 dimetris

186 315 363 354 iambicis
400 316 632 355 acatalectis
668 317 925 366 compositum
961 320 1022 355 est
1055 315 1152 355 κατὰ
1187 315 1319 365 στίχον
1351 317 1549 366 repetitis,

189 384 365 423 clausula
401 384 527 433 deest,
567 384 636 423 sed
664 384 873 424 dimetrum
901 385 1173 423 catalecticum
1200 384 1320 423 fuisse
1348 387 1551 424 consenta-

187 465 302 491 neum
329 452 495 491 videtur.

290 521 397 559 Haec
426 521 577 571 'generis
605 520 771 572 duplicis
799 524 1030 571 systemata,
1070 535 1187 571 quum
1216 521 1362 571 partim
1389 524 1550 571 propter

187 589 420 627 brevitatem
448 589 626 627 ordinum
656 589 845 628 comicum
873 589 1068 638 quoddam
1097 593 1136 627 et
1162 589 1354 627 ludicrum
1384 590 1549 638 spirent,

188 657 266 695 alia
294 669 341 695 ex
368 656 568 695 ordinibus
602 657 643 695 in
677 656 806 695 thesin
842 656 1106 695 desinentibus
1144 657 1359 706 composita
1395 657 1550 694 mollem

189 728 227 763 et
253 724 478 775 languidam
505 727 688 763 naturam
716 737 810 775 prae
840 737 880 763 se
907 724 1052 772 ferant,
1078 725 1118 763 in
1143 724 1297 763 levioris
1316 728 1468 762 tantum
1490 737 1552 763 ai·-

187 794 361 843 gumenti
388 793 641 841 carminibus,
669 794 709 831 in
733 793 952 841 amatoriis,
972 793 1212 843 hymenaeis,
1233 806 1310 831 una
1330 792 1552 842 parthenio—

187 874 273 899 rum
299 864 412 912 parte
440 861 489 899 ab
518 862 721 910 Alcmane,
750 866 794 900 ut
821 865 957 911 postea
982 875 1005 899 a
1026 862 1151 911 poetis
1171 861 1317 899 melicis
1338 864 1376 899 et
1396 861 1551 899 comicis

187 933 375 979 usurpata
403 934 503 968 sunt.
519 931 548 981 ¹)

291 1001 489 1046 Dae-tylici
507 1002 649 1035 numeri
667 1001 896 1049 systemata,
919 1012 1018 1048 quae
1045 1013 1091 1037 ex
1112 999 1305 1048 Phrygum
1326 998 1450 1036 modis
1470 1011 1552 1035 mu-

187 1066 277 1105 sicis
304 1070 461 1117 recepta
489 1079 571 1105 esse
599 1079 717 1116 supra
745 1066 968 1117 diximus,²)
997 1068 1199 1106 severioris
1225 1066 1445 1117 argumenti
1463 1079 1552 1116 par-

187 1134 345 1183 theniis,
374 1134 514 1185 quibus
533 1134 674 1174 Dorius
693 1135 830 1173 modus
850 1140 1131 1174 consentaneus
1152 1130 1254 1183 erat,
1268 1136 1299 1185 3)
1325 1137 1551 1186 saepissime

189 1203 351 1241 Alcman
379 1202 568 1241 adhibuit.
624 1202 794 1241 Exstant
827 1203 903 1241 duo
933 1204 1109 1253 exempla
1145 1204 1233 1255 (fr-g.
1264 1207 1311 1242 33
1342 1208 1380 1242 et
1409 1203 1475 1255 34)
1505 1217 1552 1242 ex

186 1271 428 1309 tetrametris
466 1271 693 1309 alterna-tim
721 1271 948 1309 acatalectis
978 1274 1017 1310 et
1045 1272 1286 1310 catalecticis
1316 1272 1550 1322 composita,

188 1340 263 1378 nisi
281 1339 392 1378 binos
413 1342 662 1377 tetrametros
688 1340 728 1377 in
748 1343 1004 1378 octametrum
1030 1341 1261 1389 coniungere
1287 1340 1411 1378 malis.
1440 1340 1552 1379 Clau-

187 1409 273 1446 sula
292 1408 453 1446 alterius
473 1408 693 1457 systematis
715 1407 803 1458 (frg.
821 1407 887 1459 33)
914 1412 972 1445 est
991 1411 1221 1446 tetrameter
1236 1409 1351 1446 catal.
1368 1409 1407 1446 in
1423 1408 1550 1458 disyll.

187 1479 276 1526 post
302 1480 363 1514 ter
390 1476 598 1525 repetitam
619 1475 864 1525 octapodiam
891 1476 1061 1524 positus;
1088 1476 1250 1514 alterius
1271 1476 1356 1528 (34)
1377 1477 1552 1515 clausula

187 1548 246 1583 est
273 1544 523 1593 logaoedica:
545 1547 773 1582 tetrameter
802 1544 943 1593 dactyl.
973 1543 1125 1589 adiecta
1155 1544 1313 1594 dipodia
1340 1545 1550 1583 trochaica.

189 1612 409 1662 Spondeum
446 1612 531 1651 loco
568 1612 713 1662 dactyli
748 1625 838 1650 raro
874 1613 1101 1650 invenimus.
1147 1613 1263 1650 Aliud
1299 1617 1552 1663 systematum

187 1693 307 1730 genus
334 1693 381 1719 ex
418 1681 552 1719 metris
590 1683 796 1729 dactylicis
824 1691 856 1717 et
885 1685 1144 1732 anapaesticis
1173 1685 1335 1717 mulctum
1370 1682 1551 1730 colligere

186 1749 278 1787 licet
306 1762 353 1787 ex
380 1749 452 1799 frg.
482 1752 593 1787 28-
609 1751 674 1796 33,
703 1761 803 1798 quae
825 1761 943 1798 quum
965 1749 1134 1787 eiusdem
1157 1750 1377 1798 argumenti
1402 1750 1479 1787 sint
1506 1762 1552 1788 ex

186 1818 425 1868 mythologia
445 1817 570 1856 Ulixis
590 1818 723 1868 petit-i,
753 1830 800 1856 ex
829 1817 964 1856 eodem
994 1818 1164 1856 carmine
1193 1817 1373 1856 videntur
1401 1818 1552 1867 reliqua

187 1886 327 1937 esse.4)
364 1886 561 1932 Quantum
590 1886 765 1936 dignosci
792 1888 938 1936 potest,
969 1887 1191 1925 tetrametri
1220 1886 1403 1937 dactylici
1431 1891 1470 1925 et
1497 1887 1553 1925 di-

175 1955 304 1994 ·metri
333 1955 575 2005 anapaestici
604 1967 687 1993 sese
716 1955 932 2005 excipiunt,
970 1967 1087 2005 quam
1115 1955 1278 1993 eandem
1305 1955 1553 2005 compositio-

186 2036 274 2060 nem
304 2023 547 2061 Stesichorus
575 2027 614 2060 et
648 2022 787 2072 Ibycus
819 2026 956 2072 postea
990 2023 1253 2061 excoluerunt.
1265 2024 1295 2074 5)
1325 2023 1470 2061 Versus
1497 2024 1553 2061 lo-

186 2090 414 2141 gaoedicus,
443 2091 510 2140 qui
538 2090 609 2140 frg.
637 2093 681 2129 31
713 2090 871 2141 legitur,
900 2103 971 2141 pro
1001 2090 1178 2129 clausula
1206 2090 1388 2141 strophae
1415 2089 1552 2129 haberi

185 2160 321 2210 possit.

298 2330 317 2369 ¹)
340 2329 396 2361 cfr.
420 2328 628 2361 Rossbach
652 2332 684 2360 et
706 2329 912 2370 Westphal
934 2329 990 2360 III.
1013 2339 1044 2370 p.
1070 2329 1128 2360 135
1151 2335 1183 2360 et
1208 2330 1275 2361 153.

291 2395 315 2431 2)
339 2393 396 2425 cfr.
419 2403 451 2434 p.
474 2393 523 2424 26.

295 2456 318 2493 ³)
342 2454 395 2486 cfr.
420 2455 515 2487 Plut.
538 2454 578 2486 de
600 2464 681 2486 mus.
704 2464 730 2487 e.
753 2454 801 2486 12.
824 2465 855 2495 p.
879 2455 933 2494 10,
959 2455 1006 2486 12.

293 2519 319 2559 ⁴)
342 2518 400 2551 cfr.
422 2518 555 2559 Bergk
578 2519 611 2551 in
635 2518 752 2552 Philol.
775 2518 859 2551 XVI.
883 2529 915 2560 p.
938 2518 999 2551 590
1021 2528 1067 2560 sq.

295 2583 319 2623 ⁵)
342 2582 400 2615 cfr.
422 2582 629 2615 Rossbach
654 2586 686 2614 et
707 2583 911 2624 Westphal
932 2583 988 2614 ΙΙΙ.
1009 2593 1039 2624 p.
1062 2583 1112 2615 40.
